{"id": "gen9randombattle-2540147068", "format": "[Gen 9] Random Battle", "players": ["zoreoh", "rewa00"], "log": "|j|☆zoreoh\n|j|☆rewa00\n|t:|1771168493\n|gametype|singles\n|player|p1|zoreoh|lady-gen4|1569\n|player|p2|rewa00|101|1557\n|gen|9\n|tier|[Gen 9] Random Battle\n|rated|\n|rule|Species Clause: Limit one of each Pokémon\n|rule|HP Percentage Mod: HP is shown in percentages\n|rule|Sleep Clause Mod: Limit one foe put to sleep\n|rule|Illusion Level Mod: Illusion disguises the Pokémon's true level\n|\n|t:|1771168493\n|teamsize|p1|6\n|teamsize|p2|6\n|start\n|switch|p1a: Vivillon|Vivillon-River, L83, M|268/268\n|switch|p2a: Terrakion|Terrakion, L79|273/273\n|turn|1\n|\n|t:|1771168500\n|move|p2a: Terrakion|Stone Edge|p1a: Vivillon\n|-supereffective|p1a: Vivillon\n|-crit|p1a: Vivillon\n|-damage|p1a: Vivillon|0 fnt\n|faint|p1a: Vivillon\n|\n|upkeep\n|-message|zoreoh forfeited.\n|\n|win|rewa00\n|raw|zoreoh's rating: 1569 &rarr; <strong>1548</strong><br />(-21 for losing)\n|raw|rewa00's rating: 1557 &rarr; <strong>1578</strong><br />(+21 for winning)\n|l|☆zoreoh\n|player|p1|\n", "inputlog": ">version 686819e5e19f8a7fd2345cfc5a08a5085efa2cc3\n>start {\"formatid\":\"gen9randombattle\",\"seed\":\"sodium,51303c3ed8db68c3fdbc256c56aa3939\",\"rated\":\"Rated battle\"}\n>player p1 {\"name\":\"zoreoh\",\"avatar\":\"lady-gen4\",\"rating\":1569,\"seed\":\"sodium,52b40ed6260c6036997d19010c992e61\"}\n>player p2 {\"name\":\"rewa00\",\"avatar\":\"101\",\"rating\":1557,\"seed\":\"sodium,d2449457019c7c1826626cdd866b602e\"}\n>p1 move sleeppowder\n>p2 move stoneedge\n>forcelose p1", "uploadtime": 1771168514, "views": 8, "formatid": "gen9randombattle", "rating": 1548, "private": 0, "password": null}