{"id": "gen9randombattle-2540789714", "format": "[Gen 9] Random Battle", "players": ["AlIoutdragadarts", "kukpoo"], "log": "|j|☆AlIoutdragadarts\n|j|☆kukpoo\n|t:|1771254236\n|gametype|singles\n|player|p1|AlIoutdragadarts|schoolkid|2273\n|player|p2|kukpoo|gambler|2218\n|gen|9\n|tier|[Gen 9] Random Battle\n|rated|\n|rule|Species Clause: Limit one of each Pokémon\n|rule|HP Percentage Mod: HP is shown in percentages\n|rule|Sleep Clause Mod: Limit one foe put to sleep\n|rule|Illusion Level Mod: Illusion disguises the Pokémon's true level\n|\n|t:|1771254236\n|teamsize|p1|6\n|teamsize|p2|6\n|start\n|switch|p1a: Clawitzer|Clawitzer, L87, F|265/265\n|switch|p2a: Mudsdale|Mudsdale, L83, F|302/302\n|turn|1\n|inactive|Battle timer is ON: inactive players will automatically lose when time's up. (requested by kukpoo)\n|inactive|kukpoo has 120 seconds left.\n|\n|t:|1771254269\n|switch|p2a: Mandibuzz|Mandibuzz, L85, F|326/326\n|move|p1a: Clawitzer|U-turn|p2a: Mandibuzz\n|-damage|p2a: Mandibuzz|289/326\n|\n|t:|1771254285\n|switch|p1a: Weezing|Weezing-Galar, L86, M|252/252|[from] U-turn\n|\n|upkeep\n|turn|2\n|\n|t:|1771254299\n|switch|p2a: Mudsdale|Mudsdale, L83, F|302/302\n|switch|p1a: Clawitzer|Clawitzer, L87, F|265/265\n|\n|upkeep\n|turn|3\n|\n|t:|1771254309\n|switch|p2a: Mandibuzz|Mandibuzz, L85, F|289/326\n|move|p1a: Clawitzer|Water Pulse|p2a: Mandibuzz\n|-damage|p2a: Mandibuzz|136/326\n|\n|upkeep\n|turn|4\n|\n|t:|1771254317\n|move|p2a: Mandibuzz|Roost|p2a: Mandibuzz\n|-heal|p2a: Mandibuzz|299/326\n|-singleturn|p2a: Mandibuzz|move: Roost\n|move|p1a: Clawitzer|Water Pulse|p2a: Mandibuzz\n|-damage|p2a: Mandibuzz|121/326\n|\n|upkeep\n|turn|5\n|\n|t:|1771254323\n|move|p2a: Mandibuzz|Roost|p2a: Mandibuzz\n|-heal|p2a: Mandibuzz|284/326\n|-singleturn|p2a: Mandibuzz|move: Roost\n|move|p1a: Clawitzer|Water Pulse|p2a: Mandibuzz\n|-damage|p2a: Mandibuzz|124/326\n|\n|upkeep\n|turn|6\n|\n|t:|1771254344\n|switch|p2a: Salamence|Salamence, L77, F|273/273\n|-ability|p2a: Salamence|Intimidate|boost\n|-unboost|p1a: Clawitzer|atk|1\n|move|p1a: Clawitzer|Water Pulse|p2a: Salamence\n|-resisted|p2a: Salamence\n|-damage|p2a: Salamence|164/273\n|\n|upkeep\n|turn|7\n|\n|t:|1771254359\n|switch|p2a: Deoxys|Deoxys, L74|196/196\n|-ability|p2a: Deoxys|Pressure\n|move|p1a: Clawitzer|Water Pulse|p2a: Deoxys\n|-damage|p2a: Deoxys|0 fnt\n|faint|p2a: Deoxys\n|\n|upkeep\n|-message|kukpoo forfeited.\n|\n|win|AlIoutdragadarts\n|raw|AlIoutdragadarts's rating: 2273 &rarr; <strong>2290</strong><br />(+17 for winning)\n|raw|kukpoo's rating: 2218 &rarr; <strong>2201</strong><br />(-17 for losing)\n|l|☆kukpoo\n|player|p2|\n", "inputlog": ">version 686819e5e19f8a7fd2345cfc5a08a5085efa2cc3\n>start {\"formatid\":\"gen9randombattle\",\"seed\":\"sodium,da1ba13916b6b698d8ba2a1ecbaf3bc8\",\"rated\":\"Rated battle\"}\n>player p1 {\"name\":\"AlIoutdragadarts\",\"avatar\":\"schoolkid\",\"rating\":2273,\"seed\":\"sodium,4a1af5576c5ff96da3c9b38ba9463bb6\"}\n>player p2 {\"name\":\"kukpoo\",\"avatar\":\"gambler\",\"rating\":2218,\"seed\":\"sodium,735aece021cdd702b196fc835ab56cb7\"}\n>p1 move uturn\n>p2 switch 2\n>p1 switch 4\n>p1 switch 4\n>p2 switch 2\n>p1 move waterpulse\n>p2 switch 2\n>p1 move waterpulse\n>p2 move roost\n>p1 move waterpulse\n>p2 move roost\n>p1 move waterpulse\n>p2 switch 3\n>p1 move waterpulse\n>p2 switch 5\n>forcelose p2", "uploadtime": 1771254371, "views": 5, "formatid": "gen9randombattle", "rating": 2201, "private": 0, "password": null}