{"id": "gen9randombattle-2540743035", "format": "[Gen 9] Random Battle", "players": ["Goundas05", "Last guy standing"], "log": "|j|ŌśåGoundas05\n|j|ŌśåLast guy standing\n|t:|1771248665\n|gametype|singles\n|player|p1|Goundas05|2|2125\n|player|p2|Last guy standing|pokekid|2104\n|gen|9\n|tier|[Gen 9] Random Battle\n|rated|\n|rule|Species Clause: Limit one of each Pok├®mon\n|rule|HP Percentage Mod: HP is shown in percentages\n|rule|Sleep Clause Mod: Limit one foe put to sleep\n|rule|Illusion Level Mod: Illusion disguises the Pok├®mon's true level\n|\n|t:|1771248665\n|teamsize|p1|6\n|teamsize|p2|6\n|start\n|switch|p1a: Latios|Latios, L78, M|253/253\n|switch|p2a: Klefki|Klefki, L84, M|233/233\n|turn|1\n|inactive|Battle timer is ON: inactive players will automatically lose when time's up. (requested by Goundas05)\n|\n|t:|1771248686\n|switch|p1a: Slowbro|Slowbro, L85, M|300/300\n|move|p2a: Klefki|Spikes|p1a: Slowbro\n|-sidestart|p1: Goundas05|Spikes\n|\n|upkeep\n|turn|2\n|\n|t:|1771248691\n|move|p2a: Klefki|Spikes|p1a: Slowbro\n|-sidestart|p1: Goundas05|Spikes\n|move|p1a: Slowbro|Scald|p2a: Klefki\n|-damage|p2a: Klefki|140/233\n|-status|p2a: Klefki|brn\n|\n|-heal|p2a: Klefki|154/233 brn|[from] item: Leftovers\n|-damage|p2a: Klefki|140/233 brn|[from] brn\n|upkeep\n|turn|3\n|\n|t:|1771248696\n|move|p2a: Klefki|Spikes|p1a: Slowbro\n|-sidestart|p1: Goundas05|Spikes\n|move|p1a: Slowbro|Iron Defense|p1a: Slowbro\n|-boost|p1a: Slowbro|def|2\n|\n|-heal|p2a: Klefki|154/233 brn|[from] item: Leftovers\n|-damage|p2a: Klefki|140/233 brn|[from] brn\n|upkeep\n|turn|4\n|\n|t:|1771248701\n|move|p2a: Klefki|Thunder Wave|p1a: Slowbro\n|-status|p1a: Slowbro|par\n|move|p1a: Slowbro|Iron Defense|p1a: Slowbro\n|-boost|p1a: Slowbro|def|2\n|\n|-heal|p2a: Klefki|154/233 brn|[from] item: Leftovers\n|-damage|p2a: Klefki|140/233 brn|[from] brn\n|upkeep\n|turn|5\n|\n|t:|1771248711\n|move|p2a: Klefki|Dazzling Gleam|p1a: Slowbro\n|-damage|p1a: Slowbro|215/300 par\n|move|p1a: Slowbro|Body Press|p2a: Klefki\n|-damage|p2a: Klefki|0 fnt\n|faint|p2a: Klefki\n|\n|-heal|p1a: Slowbro|233/300 par|[from] item: Leftovers\n|upkeep\n|\n|t:|1771248725\n|switch|p2a: Persian|Persian-Alola, L86, M|252/252\n|turn|6\n|\n|t:|1771248730\n|move|p2a: Persian|Knock Off|p1a: Slowbro\n|-supereffective|p1a: Slowbro\n|-damage|p1a: Slowbro|189/300 par\n|-enditem|p1a: Slowbro|Leftovers|[from] move: Knock Off|[of] p2a: Persian\n|move|p1a: Slowbro|Body Press|p2a: Persian\n|-supereffective|p2a: Persian\n|-damage|p2a: Persian|0 fnt\n|faint|p2a: Persian\n|\n|upkeep\n|\n|t:|1771248735\n|switch|p2a: Houndstone|Houndstone, L86, F|264/264\n|turn|7\n|\n|t:|1771248746\n|move|p2a: Houndstone|Body Press|p1a: Slowbro\n|-resisted|p1a: Slowbro\n|-damage|p1a: Slowbro|181/300 par\n|move|p1a: Slowbro|Scald|p2a: Houndstone\n|-damage|p2a: Houndstone|176/264\n|\n|-heal|p2a: Houndstone|192/264|[from] item: Leftovers\n|upkeep\n|turn|8\n|\n|t:|1771248753\n|move|p2a: Houndstone|Body Press|p1a: Slowbro\n|-resisted|p1a: Slowbro\n|-damage|p1a: Slowbro|173/300 par\n|move|p1a: Slowbro|Scald|p2a: Houndstone\n|-damage|p2a: Houndstone|107/264\n|\n|-heal|p2a: Houndstone|123/264|[from] item: Leftovers\n|upkeep\n|turn|9\n|\n|t:|1771248756\n|move|p2a: Houndstone|Body Press|p1a: Slowbro\n|-resisted|p1a: Slowbro\n|-damage|p1a: Slowbro|164/300 par\n|cant|p1a: Slowbro|par\n|\n|-heal|p2a: Houndstone|139/264|[from] item: Leftovers\n|upkeep\n|turn|10\n|\n|t:|1771248763\n|move|p2a: Houndstone|Body Press|p1a: Slowbro\n|-resisted|p1a: Slowbro\n|-damage|p1a: Slowbro|155/300 par\n|move|p1a: Slowbro|Slack Off|p1a: Slowbro\n|-heal|p1a: Slowbro|300/300 par\n|\n|-heal|p2a: Houndstone|155/264|[from] item: Leftovers\n|upkeep\n|turn|11\n|\n|t:|1771248766\n|switch|p2a: Toxicroak|Toxicroak, L84, M|277/277\n|move|p1a: Slowbro|Scald|p2a: Toxicroak\n|-immune|p2a: Toxicroak|[from] ability: Dry Skin\n|\n|upkeep\n|turn|12\n|\n|t:|1771248770\n|move|p2a: Toxicroak|Knock Off|p1a: Slowbro\n|-supereffective|p1a: Slowbro\n|-damage|p1a: Slowbro|256/300 par\n|move|p1a: Slowbro|Body Press|p2a: Toxicroak\n|-resisted|p2a: Toxicroak\n|-damage|p2a: Toxicroak|150/277\n|\n|upkeep\n|turn|13\n|\n|t:|1771248774\n|move|p2a: Toxicroak|Knock Off|p1a: Slowbro\n|-supereffective|p1a: Slowbro\n|-damage|p1a: Slowbro|216/300 par\n|move|p1a: Slowbro|Iron Defense|p1a: Slowbro\n|-boost|p1a: Slowbro|def|2\n|\n|upkeep\n|turn|14\n|\n|t:|1771248777\n|move|p2a: Toxicroak|Knock Off|p1a: Slowbro\n|-supereffective|p1a: Slowbro\n|-damage|p1a: Slowbro|180/300 par\n|move|p1a: Slowbro|Body Press|p2a: Toxicroak\n|-resisted|p2a: Toxicroak\n|-damage|p2a: Toxicroak|0 fnt\n|faint|p2a: Toxicroak\n|\n|upkeep\n|c|ŌśåLast guy standing|literally no special attacker in my team\n|c|ŌśåLast guy standing|lmfao\n|\n|t:|1771248798\n|switch|p2a: Klawf|Klawf, L90, M|272/272\n|turn|15\n|c|ŌśåLast guy standing|rigged trash\n|\n|t:|1771248805\n|move|p2a: Klawf|Knock Off|p1a: Slowbro\n|-supereffective|p1a: Slowbro\n|-damage|p1a: Slowbro|154/300 par\n|cant|p1a: Slowbro|par\n|\n|upkeep\n|turn|16\n|\n|t:|1771248808\n|move|p2a: Klawf|Knock Off|p1a: Slowbro\n|-supereffective|p1a: Slowbro\n|-damage|p1a: Slowbro|123/300 par\n|cant|p1a: Slowbro|par\n|\n|upkeep\n|turn|17\n|\n|t:|1771248812\n|move|p2a: Klawf|Knock Off|p1a: Slowbro\n|-supereffective|p1a: Slowbro\n|-damage|p1a: Slowbro|92/300 par\n|cant|p1a: Slowbro|par\n|\n|upkeep\n|turn|18\n|\n|t:|1771248814\n|move|p2a: Klawf|Knock Off|p1a: Slowbro\n|-supereffective|p1a: Slowbro\n|-damage|p1a: Slowbro|63/300 par\n|move|p1a: Slowbro|Slack Off|p1a: Slowbro\n|-heal|p1a: Slowbro|213/300 par\n|\n|upkeep\n|turn|19\n|\n|t:|1771248817\n|move|p2a: Klawf|Knock Off|p1a: Slowbro\n|-supereffective|p1a: Slowbro\n|-damage|p1a: Slowbro|182/300 par\n|move|p1a: Slowbro|Body Press|p2a: Klawf\n|-supereffective|p2a: Klawf\n|-damage|p2a: Klawf|0 fnt\n|faint|p2a: Klawf\n|\n|upkeep\n|\n|t:|1771248821\n|switch|p2a: Ting-Lu|Ting-Lu, L78|370/370\n|-ability|p2a: Ting-Lu|Vessel of Ruin\n|turn|20\n|c|ŌśåLast guy standing|congrats on winning the match up lottery\n|c|ŌśåGoundas05|U let me set up btw\n|\n|t:|1771248848\n|move|p2a: Ting-Lu|Throat Chop|p1a: Slowbro\n|-supereffective|p1a: Slowbro\n|-damage|p1a: Slowbro|144/300 par\n|-start|p1a: Slowbro|Throat Chop|[silent]\n|move|p1a: Slowbro|Body Press|p2a: Ting-Lu\n|-supereffective|p2a: Ting-Lu\n|-damage|p2a: Ting-Lu|0 fnt\n|faint|p2a: Ting-Lu\n|\n|upkeep\n|c|ŌśåLast guy standing|what would u do there?\n|c|ŌśåLast guy standing|no special attacker\n|c|ŌśåLast guy standing|you just entered and iron defensed\n|c|ŌśåLast guy standing|lmao\n|c|ŌśåLast guy standing|after one it was done\n|c|ŌśåGoundas05|Para then switch in hound\n|inactive|Last guy standing has 120 seconds left.\n|c|ŌśåLast guy standing|yeah and after 2 poltergheist misses it was yours\n|c|ŌśåLast guy standing|lmfao\n|\n|t:|1771248904\n|switch|p2a: Houndstone|Houndstone, L86, F|155/264\n|turn|21\n|c|ŌśåGoundas05|U would have more chances for crit\n|inactive|Goundas05 has 120 seconds left.\n|c|ŌśåLast guy standing|lmao\n|c|ŌśåLast guy standing|so\n|c|ŌśåGoundas05|but u knocked my item\n|c|ŌśåLast guy standing|depend on a crit or lose\n|\n|t:|1771248934\n|move|p2a: Houndstone|Body Press|p1a: Slowbro\n|-resisted|p1a: Slowbro\n|-damage|p1a: Slowbro|138/300 par\n|move|p1a: Slowbro|Slack Off|p1a: Slowbro\n|-heal|p1a: Slowbro|288/300 par\n|\n|-heal|p2a: Houndstone|171/264|[from] item: Leftovers\n|-end|p1a: Slowbro|Throat Chop|[silent]\n|upkeep\n|turn|22\n|c|ŌśåLast guy standing|hahahhaha\n|c|ŌśåLast guy standing|so what ended up happening basically\n|c|ŌśåLast guy standing|and so far\n|c|ŌśåLast guy standing|no crits yet\n|c|ŌśåGoundas05|Bro wth\n|c|ŌśåLast guy standing|lmao\n|\n|t:|1771248960\n|move|p2a: Houndstone|Body Press|p1a: Slowbro\n|-resisted|p1a: Slowbro\n|-damage|p1a: Slowbro|282/300 par\n|move|p1a: Slowbro|Scald|p2a: Houndstone\n|-damage|p2a: Houndstone|95/264\n|-status|p2a: Houndstone|brn\n|\n|-heal|p2a: Houndstone|111/264 brn|[from] item: Leftovers\n|-damage|p2a: Houndstone|95/264 brn|[from] brn\n|upkeep\n|turn|23\n|inactive|Goundas05 has 120 seconds left.\n|inactive|Goundas05 has 90 seconds left.\n|c|ŌśåGoundas05|In case u have body press Crit u aint gonna deal me more than 20%\n|\n|t:|1771249010\n|move|p2a: Houndstone|Rest|p2a: Houndstone\n|-status|p2a: Houndstone|slp|[from] move: Rest\n|-heal|p2a: Houndstone|264/264 slp|[silent]\n|move|p1a: Slowbro|Scald|p2a: Houndstone\n|-damage|p2a: Houndstone|177/264 slp\n|\n|-heal|p2a: Houndstone|193/264 slp|[from] item: Leftovers\n|upkeep\n|turn|24\n|inactive|Goundas05 has 90 seconds left.\n|c|ŌśåLast guy standing|dude\n|c|ŌśåLast guy standing|I was not refering to that\n|c|ŌśåLast guy standing|I mean\n|c|ŌśåLast guy standing|the whole battle I depended on a crit\n|inactive|Last guy standing has 90 seconds left.\n|c|ŌśåLast guy standing|a crit that never happened\n|c|ŌśåLast guy standing|it doesn't matter if it was on poltergheist\n|c|ŌśåLast guy standing|on knock off\n|c|ŌśåGoundas05|Me too i dealt with this type of match up\n|c|ŌśåLast guy standing|or any other dark type I had\n|inactive|Last guy standing has 60 seconds left.\n|c|ŌśåLast guy standing|it was that\n|c|ŌśåLast guy standing|a crit JUST to have a chance\n|c|ŌśåGoundas05|But im not tilting for bad match up just move on\n|inactive|Last guy standing has 30 seconds left.\n|c|ŌśåLast guy standing|even if you were negative IQ you could just slack off and slowbro still would be max health\n|inactive|Last guy standing has 20 seconds left.\n|\n|t:|1771249103\n|cant|p2a: Houndstone|slp\n|move|p2a: Houndstone|Sleep Talk|p2a: Houndstone\n|move|p2a: Houndstone|Poltergeist||[from] move: Sleep Talk|[still]\n|-fail|p2a: Houndstone\n|move|p1a: Slowbro|Scald|p2a: Houndstone\n|-damage|p2a: Houndstone|105/264 slp\n|\n|-heal|p2a: Houndstone|121/264 slp|[from] item: Leftovers\n|upkeep\n|turn|25\n|inactive|Last guy standing has 30 seconds left this turn.\n|inactive|Goundas05 has 90 seconds left.\n|inactive|Last guy standing has 20 seconds left.\n|c|ŌśåGoundas05|Tbh i agree with you\n|inactive|Last guy standing has 15 seconds left.\n|c|ŌśåLast guy standing|a crit doesn't change anything in that sense since there's no crit to 1hko slowbro\n|inactive|Last guy standing has 10 seconds left.\n|\n|t:|1771249124\n|cant|p2a: Houndstone|slp\n|move|p2a: Houndstone|Sleep Talk|p2a: Houndstone\n|move|p2a: Houndstone|Body Press|p1a: Slowbro|[from] move: Sleep Talk\n|-resisted|p1a: Slowbro\n|-damage|p1a: Slowbro|275/300 par\n|move|p1a: Slowbro|Scald|p2a: Houndstone\n|-damage|p2a: Houndstone|34/264 slp\n|\n|-heal|p2a: Houndstone|50/264 slp|[from] item: Leftovers\n|upkeep\n|turn|26\n|inactive|Last guy standing has 20 seconds left this turn.\n|inactive|Goundas05 has 90 seconds left.\n|inactive|Last guy standing has 15 seconds left.\n|-message|Last guy standing forfeited.\n|\n|win|Goundas05\n|raw|Goundas05's rating: 2125 &rarr; <strong>2144</strong><br />(+19 for winning)\n|raw|Last guy standing's rating: 2104 &rarr; <strong>2085</strong><br />(-19 for losing)\n|c|ŌśåGoundas05|But thats Pok├®mon\n|c|ŌśåGoundas05|Poltergeist crit would have done 80%\n|c|ŌśåLast guy standing|wow\n|c|ŌśåLast guy standing|so a 6% chance to MIGHT kill slowbro\n|c|ŌśåLast guy standing|wow\n|c|ŌśåLast guy standing|hahahhaha\n|c|ŌśåLast guy standing|what the hell\n|c|ŌśåGoundas05|Ik what you are thinking but i never thought about sweeping u with that just trying to take at least 2 down\n|c|ŌśåGoundas05|But i got lucky\n|c|ŌśåGoundas05|What am I supposed to do ? Let you win ?\n|c|ŌśåGoundas05|Thats just bad match up bro move on\n|c|ŌśåLast guy standing|what I said\n|c|ŌśåLast guy standing|bad match up\n|c|ŌśåLast guy standing|and congrats for winning that lottery\n|c|ŌśåLast guy standing|you started trying to make it seem \"easy\"\n|c|ŌśåGoundas05|Lmao\n|c|ŌśåGoundas05|I didnt\n|c|ŌśåLast guy standing|\"just poltergheist para\"\n|c|ŌśåLast guy standing|no\n|c|ŌśåLast guy standing|It wouldn't have made much of a difference\n|c|ŌśåLast guy standing|lol\n|c|ŌśåLast guy standing|move on\n|c|ŌśåGoundas05|In case if u wanna play it perfectly yes\n|c|ŌśåGoundas05|but u didnt\n|c|ŌśåGoundas05|Not mb\n|c|ŌśåLast guy standing|just to have a chance play perfectly\n|c|ŌśåLast guy standing|lmao\n|c|ŌśåGoundas05|Ur so fcking cringe bro\n|l|ŌśåGoundas05\n|player|p1|\n|c|ŌśåLast guy standing|not an argument\n|c|ŌśåLast guy standing|goodbye\n", "inputlog": ">version 686819e5e19f8a7fd2345cfc5a08a5085efa2cc3\n>start {\"formatid\":\"gen9randombattle\",\"seed\":\"sodium,1262f712b178d4759db4d97aa6686122\",\"rated\":\"Rated battle\"}\n>player p1 {\"name\":\"Goundas05\",\"avatar\":\"2\",\"rating\":2125,\"seed\":\"sodium,4fac7bb97c0dbc19be1716e99f66b677\"}\n>player p2 {\"name\":\"Last guy standing\",\"avatar\":\"pokekid\",\"rating\":2104,\"seed\":\"sodium,43435c0c4399a585e060d12a99be17dc\"}\n>p1 switch 2\n>p2 move spikes\n>p1 move scald\n>p2 move spikes\n>p1 move irondefense\n>p2 move spikes\n>p1 move irondefense\n>p2 move thunderwave\n>p1 move bodypress\n>p2 move dazzlinggleam\n>p2 switch 5\n>p1 move bodypress\n>p2 move knockoff\n>p2 switch 4\n>p1 move scald\n>p2 move bodypress\n>p1 move scald\n>p2 move bodypress\n>p1 move scald\n>p2 move bodypress\n>p1 move slackoff\n>p2 move bodypress\n>p1 move scald\n>p2 switch 2\n>p1 move bodypress\n>p2 move knockoff\n>p1 move irondefense\n>p2 move knockoff\n>p1 move bodypress\n>p2 move knockoff\n>chat ŌśåLast guy standing|literally no special attacker in my team\n>chat ŌśåLast guy standing|lmfao\n>p2 switch 3\n>chat ŌśåLast guy standing|rigged trash\n>p1 move slackoff\n>p2 move knockoff\n>p1 move slackoff\n>p2 move knockoff\n>p1 move slackoff\n>p2 move knockoff\n>p1 move slackoff\n>p2 move knockoff\n>p1 move bodypress\n>p2 move knockoff\n>p2 switch 6\n>chat ŌśåLast guy standing|congrats on winning the match up lottery\n>chat ŌśåGoundas05|U let me set up btw \n>p1 move bodypress\n>p2 move throatchop\n>chat ŌśåLast guy standing|what would u do there?\n>chat ŌśåLast guy standing|no special attacker\n>chat ŌśåLast guy standing|you just entered and iron defensed\n>chat ŌśåLast guy standing|lmao\n>chat ŌśåLast guy standing|after one it was done\n>chat ŌśåGoundas05|Para then switch in hound\n>chat ŌśåLast guy standing|yeah and after 2 poltergheist misses it was yours\n>chat ŌśåLast guy standing|lmfao\n>p2 switch 2\n>chat ŌśåGoundas05|U would have more chances for crit\n>chat ŌśåLast guy standing|lmao\n>chat ŌśåLast guy standing|so\n>chat ŌśåGoundas05|but u knocked my item\n>chat ŌśåLast guy standing|depend on a crit or lose\n>p1 move slackoff\n>p2 move bodypress\n>chat ŌśåLast guy standing|hahahhaha\n>chat ŌśåLast guy standing|so what ended up happening basically\n>chat ŌśåLast guy standing|and so far\n>chat ŌśåLast guy standing|no crits yet\n>chat ŌśåGoundas05|Bro wth \n>chat ŌśåLast guy standing|lmao\n>p1 move scald\n>p2 move bodypress\n>chat ŌśåGoundas05|In case u have body press Crit u aint gonna deal me more than 20%\n>p1 move scald\n>p2 move rest\n>chat ŌśåLast guy standing|dude\n>chat ŌśåLast guy standing|I was not refering to that\n>chat ŌśåLast guy standing|I mean\n>chat ŌśåLast guy standing|the whole battle I depended on a crit\n>chat ŌśåLast guy standing|a crit that never happened\n>chat ŌśåLast guy standing|it doesn't matter if it was on poltergheist\n>chat ŌśåLast guy standing|on knock off\n>chat ŌśåGoundas05|Me too i dealt with this type of match up \n>chat ŌśåLast guy standing|or any other dark type I had\n>chat ŌśåLast guy standing|it was that\n>chat ŌśåLast guy standing|a crit JUST to have a chance\n>chat ŌśåGoundas05|But im not tilting for bad match up just move on \n>chat ŌśåLast guy standing|even if you were negative IQ you could just slack off and slowbro still would be max health\n>p1 move scald\n>p2 move sleeptalk\n>chat ŌśåGoundas05|Tbh i agree with you \n>chat ŌśåLast guy standing|a crit doesn't change anything in that sense since there's no crit to 1hko slowbro\n>p1 move scald\n>p2 move sleeptalk\n>forcelose p2", "uploadtime": 1771249185, "views": 7, "formatid": "gen9randombattle", "rating": 2085, "private": 0, "password": null}