{"id": "gen9randombattle-2540766407", "format": "[Gen 9] Random Battle", "players": ["The69Messiah", "kraaay"], "log": "|j|ŌśåThe69Messiah\n|j|Ōśåkraaay\n|t:|1771251593\n|gametype|singles\n|player|p1|The69Messiah|medium|1941\n|player|p2|kraaay|brycenman|1986\n|gen|9\n|tier|[Gen 9] Random Battle\n|rated|\n|rule|Species Clause: Limit one of each Pok├®mon\n|rule|HP Percentage Mod: HP is shown in percentages\n|rule|Sleep Clause Mod: Limit one foe put to sleep\n|rule|Illusion Level Mod: Illusion disguises the Pok├®mon's true level\n|\n|t:|1771251593\n|teamsize|p1|6\n|teamsize|p2|6\n|start\n|switch|p1a: Donphan|Donphan, L84, M|288/288\n|switch|p2a: Araquanid|Araquanid, L82, M|246/246\n|turn|1\n|inactive|Battle timer is ON: inactive players will automatically lose when time's up. (requested by The69Messiah)\n|\n|t:|1771251610\n|switch|p1a: Torterra|Torterra, L78, M|276/276\n|move|p2a: Araquanid|Liquidation|p1a: Torterra\n|-damage|p1a: Torterra|150/276\n|\n|upkeep\n|turn|2\n|inactive|kraaay has 120 seconds left.\n|inactive|kraaay has 90 seconds left.\n|\n|t:|1771251671\n|switch|p2a: Flygon|Flygon, L82, F|265/265\n|move|p1a: Torterra|Shell Smash|p1a: Torterra\n|-unboost|p1a: Torterra|def|1\n|-unboost|p1a: Torterra|spd|1\n|-boost|p1a: Torterra|atk|2\n|-boost|p1a: Torterra|spa|2\n|-boost|p1a: Torterra|spe|2\n|\n|upkeep\n|turn|3\n|\n|t:|1771251681\n|move|p1a: Torterra|Bullet Seed|p2a: Flygon\n|-damage|p2a: Flygon|214/265\n|-damage|p2a: Flygon|157/265\n|-damage|p2a: Flygon|103/265\n|-damage|p2a: Flygon|48/265\n|-damage|p2a: Flygon|0 fnt\n|faint|p2a: Flygon\n|-hitcount|p2: Flygon|5\n|\n|upkeep\n|c|Ōśåkraaay|wow\n|c|Ōśåkraaay|wtf\n|inactive|kraaay has 90 seconds left.\n|\n|t:|1771251707\n|switch|p2a: Terapagos|Terapagos, L77, F|265/265\n|-activate|p2a: Terapagos|ability: Tera Shift\n|detailschange|p2a: Terapagos|Terapagos-Terastal, L77, F\n|-heal|p2a: Terapagos|273/273|[silent]\n|turn|4\n|\n|t:|1771251711\n|move|p1a: Torterra|Bullet Seed|p2a: Terapagos\n|-activate|p2a: Terapagos|ability: Tera Shell\n|-resisted|p2a: Terapagos\n|-damage|p2a: Terapagos|249/273\n|-resisted|p2a: Terapagos\n|-damage|p2a: Terapagos|225/273\n|-resisted|p2a: Terapagos\n|-damage|p2a: Terapagos|204/273\n|-resisted|p2a: Terapagos\n|-damage|p2a: Terapagos|180/273\n|-resisted|p2a: Terapagos\n|-damage|p2a: Terapagos|158/273\n|-hitcount|p2a: Terapagos|5\n|move|p2a: Terapagos|Tera Starstorm|p1a: Torterra\n|-damage|p1a: Torterra|0 fnt\n|faint|p1a: Torterra\n|\n|upkeep\n|\n|t:|1771251731\n|switch|p1a: Spectrier|Spectrier, L75|274/274\n|turn|5\n|inactive|kraaay has 90 seconds left.\n|\n|t:|1771251758\n|move|p1a: Spectrier|Nasty Plot|p1a: Spectrier\n|-boost|p1a: Spectrier|spa|2\n|move|p2a: Terapagos|Dark Pulse|p1a: Spectrier\n|-supereffective|p1a: Spectrier\n|-damage|p1a: Spectrier|146/274\n|\n|upkeep\n|turn|6\n|\n|t:|1771251784\n|move|p1a: Spectrier|Dark Pulse|p2a: Terapagos\n|-damage|p2a: Terapagos|0 fnt\n|faint|p2a: Terapagos\n|-ability|p1a: Spectrier|Grim Neigh|boost\n|-boost|p1a: Spectrier|spa|1\n|-damage|p1a: Spectrier|119/274|[from] item: Life Orb\n|\n|upkeep\n|c|Ōśåkraaay|am i just reading fake calc\n|inactive|kraaay has 60 seconds left.\n|\n|t:|1771251834\n|switch|p2a: Araquanid|Araquanid, L82, M|246/246\n|turn|7\n|\n|t:|1771251837\n|move|p1a: Spectrier|Shadow Ball|p2a: Araquanid\n|-damage|p2a: Araquanid|30/246\n|-damage|p1a: Spectrier|92/274|[from] item: Life Orb\n|move|p2a: Araquanid|Liquidation|p1a: Spectrier\n|-damage|p1a: Spectrier|0 fnt\n|faint|p1a: Spectrier\n|\n|upkeep\n|\n|t:|1771251848\n|switch|p1a: Donphan|Donphan, L84, M|288/288\n|turn|8\n|\n|t:|1771251854\n|switch|p2a: Qwilfish|Qwilfish, L86, M|252/252\n|-ability|p2a: Qwilfish|Intimidate|boost\n|-unboost|p1a: Donphan|atk|1\n|move|p1a: Donphan|Rapid Spin|p2a: Qwilfish\n|-damage|p2a: Qwilfish|226/252\n|-boost|p1a: Donphan|spe|1\n|\n|upkeep\n|turn|9\n|inactive|kraaay has 60 seconds left.\n|\n|t:|1771251866\n|switch|p2a: Araquanid|Araquanid, L82, M|30/246\n|move|p1a: Donphan|Earthquake|p2a: Araquanid\n|-resisted|p2a: Araquanid\n|-damage|p2a: Araquanid|0 fnt\n|faint|p2a: Araquanid\n|\n|upkeep\n|\n|t:|1771251868\n|switch|p2a: Qwilfish|Qwilfish, L86, M|226/252\n|-ability|p2a: Qwilfish|Intimidate|boost\n|-unboost|p1a: Donphan|atk|1\n|turn|10\n|\n|t:|1771251895\n|switch|p1a: Alomomola|Alomomola, L87, F|429/429\n|move|p2a: Qwilfish|Pain Split|p1a: Alomomola\n|-sethp|p1a: Alomomola|327/429|[from] move: Pain Split|[silent]\n|-sethp|p2a: Qwilfish|252/252|[from] move: Pain Split\n|\n|upkeep\n|turn|11\n|\n|t:|1771251900\n|move|p2a: Qwilfish|Thunder Wave|p1a: Alomomola\n|-status|p1a: Alomomola|par\n|move|p1a: Alomomola|Scald|p2a: Qwilfish\n|-resisted|p2a: Qwilfish\n|-damage|p2a: Qwilfish|219/252\n|-status|p2a: Qwilfish|brn\n|\n|-damage|p2a: Qwilfish|204/252 brn|[from] brn\n|upkeep\n|turn|12\n|\n|t:|1771251910\n|move|p2a: Qwilfish|Gunk Shot|p1a: Alomomola|[miss]\n|-miss|p2a: Qwilfish|p1a: Alomomola\n|move|p1a: Alomomola|Wish|p1a: Alomomola\n|\n|-damage|p2a: Qwilfish|189/252 brn|[from] brn\n|upkeep\n|turn|13\n|\n|t:|1771251913\n|move|p2a: Qwilfish|Thunder Wave|p1a: Alomomola\n|-fail|p1a: Alomomola|par\n|move|p1a: Alomomola|Flip Turn|p2a: Qwilfish\n|-resisted|p2a: Qwilfish\n|-damage|p2a: Qwilfish|163/252 brn\n|\n|t:|1771251918\n|switch|p1a: Donphan|Donphan, L84, M|288/288|[from] Flip Turn\n|\n|-damage|p2a: Qwilfish|148/252 brn|[from] brn\n|upkeep\n|turn|14\n|inactive|kraaay has 90 seconds left.\n|\n|t:|1771251934\n|move|p2a: Qwilfish|Gunk Shot|p1a: Donphan|[miss]\n|-miss|p2a: Qwilfish|p1a: Donphan\n|move|p1a: Donphan|Rapid Spin|p2a: Qwilfish\n|-damage|p2a: Qwilfish|108/252 brn\n|-boost|p1a: Donphan|spe|1\n|\n|-damage|p2a: Qwilfish|93/252 brn|[from] brn\n|upkeep\n|turn|15\n|inactive|kraaay has 90 seconds left.\n|\n|t:|1771251940\n|switch|p2a: Hitmonlee|Hitmonlee, L85, M|224/224\n|move|p1a: Donphan|Earthquake|p2a: Hitmonlee\n|-damage|p2a: Hitmonlee|46/224\n|\n|upkeep\n|turn|16\n|\n|t:|1771251945\n|move|p1a: Donphan|Rapid Spin|p2a: Hitmonlee\n|-damage|p2a: Hitmonlee|0 fnt\n|-boost|p1a: Donphan|spe|1\n|faint|p2a: Hitmonlee\n|\n|upkeep\n|\n|t:|1771251947\n|switch|p2a: Qwilfish|Qwilfish, L86, M|93/252 brn\n|-ability|p2a: Qwilfish|Intimidate|boost\n|-unboost|p1a: Donphan|atk|1\n|turn|17\n|\n|t:|1771251953\n|move|p1a: Donphan|Earthquake|p2a: Qwilfish\n|-supereffective|p2a: Qwilfish\n|-damage|p2a: Qwilfish|0 fnt\n|faint|p2a: Qwilfish\n|\n|upkeep\n|\n|t:|1771251955\n|switch|p2a: Klawf|Klawf, L90, F|272/272\n|turn|18\n|\n|t:|1771251966\n|move|p1a: Donphan|Earthquake|p2a: Klawf\n|-supereffective|p2a: Klawf\n|-damage|p2a: Klawf|144/272\n|move|p2a: Klawf|Swords Dance|p2a: Klawf\n|-boost|p2a: Klawf|atk|2\n|\n|upkeep\n|turn|19\n|\n|t:|1771251972\n|-terastallize|p2a: Klawf|Dark\n|move|p1a: Donphan|Earthquake|p2a: Klawf\n|-damage|p2a: Klawf|80/272\n|-ability|p2a: Klawf|Anger Shell|boost\n|-boost|p2a: Klawf|atk|1\n|-boost|p2a: Klawf|spa|1\n|-boost|p2a: Klawf|spe|1\n|-unboost|p2a: Klawf|def|1\n|-unboost|p2a: Klawf|spd|1\n|move|p2a: Klawf|Swords Dance|p2a: Klawf\n|-boost|p2a: Klawf|atk|2\n|\n|upkeep\n|turn|20\n|c|Ōśåkraaay|FUCK\n|c|Ōśåkraaay|I FORGOT\n|c|Ōśåkraaay|ABT STURDY\n|c|Ōśåkraaay|LMFAOOOO\n|\n|t:|1771251986\n|move|p2a: Klawf|Knock Off|p1a: Donphan\n|-ability|p1a: Donphan|Sturdy\n|-damage|p1a: Donphan|1/288\n|-enditem|p1a: Donphan|Assault Vest|[from] move: Knock Off|[of] p2a: Klawf\n|move|p1a: Donphan|Earthquake|p2a: Klawf\n|-damage|p2a: Klawf|0 fnt\n|faint|p2a: Klawf\n|\n|win|The69Messiah\n|raw|The69Messiah's rating: 1941 &rarr; <strong>1964</strong><br />(+23 for winning)\n|raw|kraaay's rating: 1986 &rarr; <strong>1963</strong><br />(-23 for losing)\n|c|Ōśåkraaay|0 GUNKS HITTING\n|c|Ōśåkraaay|HURT\n|l|Ōśåkraaay\n|player|p2|\n", "inputlog": ">version 686819e5e19f8a7fd2345cfc5a08a5085efa2cc3\n>start {\"formatid\":\"gen9randombattle\",\"seed\":\"sodium,a964a509a001a779c6081c3d92fbc3e2\",\"rated\":\"Rated battle\"}\n>player p1 {\"name\":\"The69Messiah\",\"avatar\":\"medium\",\"rating\":1941,\"seed\":\"sodium,e82962e50439e9e470ff148d41c6381d\"}\n>player p2 {\"name\":\"kraaay\",\"avatar\":\"brycenman\",\"rating\":1986,\"seed\":\"sodium,ec9281c1ad5b68061e0706fd15aeba79\"}\n>p1 switch 2\n>p2 move liquidation\n>p1 move shellsmash\n>p2 switch 5\n>p1 move bulletseed\n>p2 move uturn\n>chat Ōśåkraaay|wow\n>chat Ōśåkraaay|wtf\n>p2 switch 6\n>p1 move bulletseed\n>p2 move terastarstorm\n>p1 switch 5\n>p1 move nastyplot\n>p2 move darkpulse\n>p1 move darkpulse\n>p2 move rest\n>chat Ōśåkraaay|am i just reading fake calc\n>p2 switch 5\n>p1 move shadowball\n>p2 move liquidation\n>p1 switch 2\n>p1 move rapidspin\n>p2 switch 2\n>p1 move earthquake\n>p2 switch 2\n>p2 switch 2\n>p1 switch 6\n>p2 move painsplit\n>p1 move scald\n>p2 move thunderwave\n>p1 move wish\n>p2 move gunkshot\n>p1 move flipturn\n>p2 move thunderwave\n>p1 switch 6\n>p1 move rapidspin\n>p2 move gunkshot\n>p1 move earthquake\n>p2 switch 3\n>p1 move rapidspin\n>p2 move knockoff\n>p2 switch 3\n>p1 move earthquake\n>p2 move painsplit\n>p2 switch 4\n>p1 move earthquake\n>p2 move swordsdance\n>p1 move earthquake\n>p2 move swordsdance terastallize\n>chat Ōśåkraaay|FUCK\n>chat Ōśåkraaay|I FORGOT\n>chat Ōśåkraaay|ABT STURDY\n>chat Ōśåkraaay|LMFAOOOO\n>p1 move earthquake\n>p2 move knockoff", "uploadtime": 1771252004, "views": 6, "formatid": "gen9randombattle", "rating": 1963, "private": 0, "password": null}