{"id": "gen9randombattle-2540252161", "format": "[Gen 9] Random Battle", "players": ["cansermaro8", "Mysterious Soop"], "log": "|j|Ōśåcansermaro8\n|j|ŌśåMysterious Soop\n|t:|1771180919\n|gametype|singles\n|player|p1|cansermaro8|170|2150\n|player|p2|Mysterious Soop|265|2051\n|gen|9\n|tier|[Gen 9] Random Battle\n|rated|\n|rule|Species Clause: Limit one of each Pok├®mon\n|rule|HP Percentage Mod: HP is shown in percentages\n|rule|Sleep Clause Mod: Limit one foe put to sleep\n|rule|Illusion Level Mod: Illusion disguises the Pok├®mon's true level\n|\n|t:|1771180919\n|teamsize|p1|6\n|teamsize|p2|6\n|start\n|switch|p1a: Camerupt|Camerupt, L91, M|275/275\n|switch|p2a: Oinkologne|Oinkologne-F, L92, F|361/361\n|turn|1\n|\n|t:|1771180931\n|move|p2a: Oinkologne|Curse|p2a: Oinkologne\n|-unboost|p2a: Oinkologne|spe|1\n|-boost|p2a: Oinkologne|atk|1\n|-boost|p2a: Oinkologne|def|1\n|move|p1a: Camerupt|Stealth Rock|p2a: Oinkologne\n|-sidestart|p2: Mysterious Soop|move: Stealth Rock\n|\n|upkeep\n|turn|2\n|\n|t:|1771180935\n|move|p2a: Oinkologne|Body Slam|p1a: Camerupt\n|-damage|p1a: Camerupt|95/275\n|-status|p1a: Camerupt|par\n|cant|p1a: Camerupt|par\n|\n|-heal|p1a: Camerupt|112/275 par|[from] item: Leftovers\n|upkeep\n|turn|3\n|\n|t:|1771180945\n|move|p2a: Oinkologne|Body Slam|p1a: Camerupt\n|-damage|p1a: Camerupt|0 fnt\n|faint|p1a: Camerupt\n|\n|upkeep\n|\n|t:|1771180952\n|switch|p1a: Swalot|Swalot, L90, M|326/326\n|turn|4\n|\n|t:|1771180966\n|move|p1a: Swalot|Clear Smog|p2a: Oinkologne\n|-damage|p2a: Oinkologne|315/361\n|-clearboost|p2a: Oinkologne\n|move|p2a: Oinkologne|Body Slam|p1a: Swalot\n|-damage|p1a: Swalot|223/326\n|\n|-heal|p2a: Oinkologne|337/361|[from] item: Leftovers\n|-heal|p1a: Swalot|243/326|[from] item: Leftovers\n|upkeep\n|turn|5\n|\n|t:|1771180974\n|move|p2a: Oinkologne|Body Slam|p1a: Swalot\n|-damage|p1a: Swalot|143/326\n|move|p1a: Swalot|Knock Off|p2a: Oinkologne\n|-damage|p2a: Oinkologne|272/361\n|-enditem|p2a: Oinkologne|Leftovers|[from] move: Knock Off|[of] p1a: Swalot\n|\n|-heal|p1a: Swalot|163/326|[from] item: Leftovers\n|upkeep\n|turn|6\n|\n|t:|1771180979\n|switch|p1a: Volbeat|Volbeat, L90, M|263/263\n|move|p2a: Oinkologne|Body Slam|p1a: Volbeat\n|-damage|p1a: Volbeat|152/263\n|\n|upkeep\n|turn|7\n|\n|t:|1771180982\n|move|p1a: Volbeat|Thunder Wave|p2a: Oinkologne\n|-status|p2a: Oinkologne|par\n|cant|p2a: Oinkologne|par\n|\n|upkeep\n|turn|8\n|\n|t:|1771180991\n|move|p1a: Volbeat|Roost|p1a: Volbeat\n|-heal|p1a: Volbeat|263/263\n|-singleturn|p1a: Volbeat|move: Roost\n|cant|p2a: Oinkologne|par\n|\n|upkeep\n|turn|9\n|\n|t:|1771180997\n|move|p1a: Volbeat|U-turn|p2a: Oinkologne\n|-crit|p2a: Oinkologne\n|-damage|p2a: Oinkologne|163/361 par\n|\n|t:|1771181003\n|switch|p1a: Cloyster|Cloyster, L80, F|211/211|[from] U-turn\n|move|p2a: Oinkologne|Body Slam|p1a: Cloyster\n|-damage|p1a: Cloyster|156/211\n|\n|upkeep\n|turn|10\n|\n|t:|1771181018\n|move|p1a: Cloyster|Shell Smash|p1a: Cloyster\n|-unboost|p1a: Cloyster|def|1\n|-unboost|p1a: Cloyster|spd|1\n|-boost|p1a: Cloyster|atk|2\n|-boost|p1a: Cloyster|spa|2\n|-boost|p1a: Cloyster|spe|2\n|-enditem|p1a: Cloyster|White Herb\n|-clearnegativeboost|p1a: Cloyster|[silent]\n|cant|p2a: Oinkologne|par\n|\n|upkeep\n|turn|11\n|\n|t:|1771181027\n|move|p1a: Cloyster|Hydro Pump|p2a: Oinkologne\n|-crit|p2a: Oinkologne\n|-damage|p2a: Oinkologne|0 fnt\n|faint|p2a: Oinkologne\n|\n|upkeep\n|\n|t:|1771181054\n|switch|p2a: Lumineon|Lumineon, L93, F|279/279\n|turn|12\n|\n|t:|1771181062\n|move|p1a: Cloyster|Rock Blast|p2a: Lumineon\n|-damage|p2a: Lumineon|249/279\n|-damage|p2a: Lumineon|218/279\n|-damage|p2a: Lumineon|184/279\n|-damage|p2a: Lumineon|151/279\n|-damage|p2a: Lumineon|118/279\n|-hitcount|p2a: Lumineon|5\n|move|p2a: Lumineon|Hydro Pump|p1a: Cloyster\n|-resisted|p1a: Cloyster\n|-damage|p1a: Cloyster|58/211\n|\n|upkeep\n|turn|13\n|\n|t:|1771181070\n|move|p1a: Cloyster|Rock Blast|p2a: Lumineon\n|-damage|p2a: Lumineon|84/279\n|-damage|p2a: Lumineon|53/279\n|-damage|p2a: Lumineon|18/279\n|-damage|p2a: Lumineon|0 fnt\n|faint|p2a: Lumineon\n|-hitcount|p2: Lumineon|4\n|\n|upkeep\n|\n|t:|1771181072\n|switch|p2a: Lokix|Lokix, L82, F|251/251\n|-damage|p2a: Lokix|189/251|[from] Stealth Rock\n|turn|14\n|\n|t:|1771181077\n|move|p2a: Lokix|First Impression|p1a: Cloyster\n|-damage|p1a: Cloyster|0 fnt\n|faint|p1a: Cloyster\n|-damage|p2a: Lokix|164/251|[from] item: Life Orb\n|\n|upkeep\n|\n|t:|1771181084\n|switch|p1a: Iron Jugulis|Iron Jugulis, L77|271/271\n|turn|15\n|\n|t:|1771181102\n|move|p2a: Lokix|Sucker Punch|p1a: Iron Jugulis\n|-resisted|p1a: Iron Jugulis\n|-damage|p1a: Iron Jugulis|162/271\n|-damage|p2a: Lokix|139/251|[from] item: Life Orb\n|move|p1a: Iron Jugulis|Hurricane|p2a: Lokix\n|-supereffective|p2a: Lokix\n|-crit|p2a: Lokix\n|-damage|p2a: Lokix|0 fnt\n|faint|p2a: Lokix\n|\n|upkeep\n|\n|t:|1771181108\n|switch|p2a: Excadrill|Excadrill, L79, M|303/303\n|-damage|p2a: Excadrill|294/303|[from] Stealth Rock\n|-ability|p2a: Excadrill|Mold Breaker\n|turn|16\n|\n|t:|1771181113\n|-end|p1a: Iron Jugulis|Quark Drive|[silent]\n|switch|p1a: Volbeat|Volbeat, L90, M|263/263\n|move|p2a: Excadrill|Rapid Spin|p1a: Volbeat\n|-damage|p1a: Volbeat|223/263\n|-boost|p2a: Excadrill|spe|1\n|-sideend|p2: Mysterious Soop|Stealth Rock|[from] move: Rapid Spin|[of] p2a: Excadrill\n|\n|upkeep\n|turn|17\n|\n|t:|1771181116\n|switch|p2a: Dugtrio|Dugtrio-Alola, L84, F|196/196\n|move|p1a: Volbeat|Encore||[still]\n|-fail|p1a: Volbeat\n|\n|upkeep\n|turn|18\n|\n|t:|1771181122\n|move|p2a: Dugtrio|Stone Edge|p1a: Volbeat\n|-supereffective|p1a: Volbeat\n|-damage|p1a: Volbeat|0 fnt\n|faint|p1a: Volbeat\n|\n|upkeep\n|\n|t:|1771181130\n|switch|p1a: Arceus|Arceus-Electric, L70|284/284\n|turn|19\n|\n|t:|1771181141\n|switch|p2a: Excadrill|Excadrill, L79, M|294/303\n|-ability|p2a: Excadrill|Mold Breaker\n|move|p1a: Arceus|Ice Beam|p2a: Excadrill\n|-damage|p2a: Excadrill|249/303\n|\n|upkeep\n|turn|20\n|\n|t:|1771181161\n|switch|p1a: Swalot|Swalot, L90, M|163/326\n|move|p2a: Excadrill|Rapid Spin|p1a: Swalot\n|-damage|p1a: Swalot|123/326\n|-boost|p2a: Excadrill|spe|1\n|\n|-heal|p1a: Swalot|143/326|[from] item: Leftovers\n|upkeep\n|turn|21\n|\n|t:|1771181164\n|move|p2a: Excadrill|Earthquake|p1a: Swalot\n|-supereffective|p1a: Swalot\n|-damage|p1a: Swalot|0 fnt\n|faint|p1a: Swalot\n|\n|upkeep\n|\n|t:|1771181167\n|switch|p1a: Iron Jugulis|Iron Jugulis, L77|162/271\n|turn|22\n|\n|t:|1771181172\n|move|p2a: Excadrill|Rock Slide|p1a: Iron Jugulis\n|-supereffective|p1a: Iron Jugulis\n|-damage|p1a: Iron Jugulis|14/271\n|cant|p1a: Iron Jugulis|flinch\n|\n|upkeep\n|turn|23\n|-message|cansermaro8 forfeited.\n|\n|win|Mysterious Soop\n|raw|cansermaro8's rating: 2150 &rarr; <strong>2124</strong><br />(-26 for losing)\n|raw|Mysterious Soop's rating: 2051 &rarr; <strong>2077</strong><br />(+26 for winning)\n|l|Ōśåcansermaro8\n|player|p1|\n|c|ŌśåMysterious Soop|ggs\n|c|ŌśåMysterious Soop|flinch didn't matter\n|c|ŌśåMysterious Soop|i tanked one\n", "inputlog": ">version 686819e5e19f8a7fd2345cfc5a08a5085efa2cc3\n>start {\"formatid\":\"gen9randombattle\",\"seed\":\"sodium,3b9919a6db4d9a7ac7521027ab7f45e0\",\"rated\":\"Rated battle\"}\n>player p1 {\"name\":\"cansermaro8\",\"avatar\":\"170\",\"rating\":2150,\"seed\":\"sodium,2618fff99880076d71b5bbd16832d021\"}\n>player p2 {\"name\":\"Mysterious Soop\",\"avatar\":\"265\",\"rating\":2051,\"seed\":\"sodium,a62898fd5e947f9cc9250c086b6279d5\"}\n>p1 move stealthrock\n>p2 move curse\n>p1 move roar\n>p2 move bodyslam\n>p1 move roar\n>p2 move bodyslam\n>p1 switch 2\n>p1 move clearsmog\n>p2 move bodyslam\n>p1 move knockoff\n>p2 move bodyslam\n>p1 switch 3\n>p2 move bodyslam\n>p1 move thunderwave\n>p2 move bodyslam\n>p1 move roost\n>p2 move bodyslam\n>p1 move uturn\n>p2 move bodyslam\n>p1 switch 6\n>p1 move shellsmash\n>p2 move bodyslam\n>p1 move hydropump\n>p2 move bodyslam\n>p2 switch 5\n>p1 move rockblast\n>p2 move hydropump\n>p1 move rockblast\n>p2 move hydropump\n>p2 switch 2\n>p1 move iciclespear\n>p2 move firstimpression\n>p1 switch 5\n>p1 move hurricane\n>p2 move suckerpunch\n>p2 switch 3\n>p1 switch 6\n>p2 move rapidspin\n>p1 move encore\n>p2 switch 6\n>p1 move uturn\n>p2 move stoneedge\n>p1 switch 4\n>p1 move icebeam\n>p2 switch 6\n>p1 switch 3\n>p2 move rapidspin\n>p1 move encore\n>p2 move earthquake\n>p1 switch 6\n>p1 move fireblast\n>p2 move rockslide\n>forcelose p1", "uploadtime": 1771181185, "views": 13, "formatid": "gen9randombattle", "rating": 2077, "private": 0, "password": null}