{"id": "gen6randombattle-2540346795", "format": "[Gen 6] Random Battle", "players": ["aotakeshi", "lfmebolfbmol"], "log": "|j|Ōśåaotakeshi\n|j|Ōśålfmebolfbmol\n|t:|1771191291\n|gametype|singles\n|player|p1|aotakeshi|dancer|1616\n|player|p2|lfmebolfbmol|169|1526\n|gen|6\n|tier|[Gen 6] Random Battle\n|rated|\n|rule|Sleep Clause Mod: Limit one foe put to sleep\n|rule|HP Percentage Mod: HP is shown in percentages\n|rule|Illusion Level Mod: Illusion disguises the Pok├®mon's true level\n|\n|t:|1771191291\n|teamsize|p1|6\n|teamsize|p2|6\n|start\n|switch|p1a: Tornadus|Tornadus, L82, M|263/263\n|switch|p2a: Hariyama|Hariyama, L86, F|388/388\n|turn|1\n|\n|t:|1771191311\n|switch|p2a: Relicanth|Relicanth, L87, F|316/316\n|move|p1a: Tornadus|Acrobatics|p2a: Relicanth\n|-resisted|p2a: Relicanth\n|-damage|p2a: Relicanth|268/316\n|\n|upkeep\n|turn|2\n|\n|t:|1771191325\n|switch|p1a: Jirachi|Jirachi, L78|284/284\n|move|p2a: Relicanth|Head Smash|p1a: Jirachi|[miss]\n|-miss|p2a: Relicanth|p1a: Jirachi\n|\n|upkeep\n|turn|3\n|\n|t:|1771191339\n|switch|p2a: Moltres|Moltres, L81|277/277\n|move|p1a: Jirachi|Stealth Rock|p2a: Moltres\n|-sidestart|p2: lfmebolfbmol|move: Stealth Rock\n|\n|upkeep\n|turn|4\n|\n|t:|1771191355\n|switch|p1a: Emboar|Emboar, L83, F|318/318\n|move|p2a: Moltres|Toxic|p1a: Emboar\n|-status|p1a: Emboar|tox\n|\n|-damage|p1a: Emboar|299/318 tox|[from] psn\n|upkeep\n|turn|5\n|\n|t:|1771191368\n|switch|p2a: Hippowdon|Hippowdon, L81, F|308/308\n|-damage|p2a: Hippowdon|289/308|[from] Stealth Rock\n|-weather|Sandstorm|[from] ability: Sand Stream|[of] p2a: Hippowdon\n|move|p1a: Emboar|Head Smash|p2a: Hippowdon\n|-resisted|p2a: Hippowdon\n|-damage|p2a: Hippowdon|204/308\n|-damage|p1a: Emboar|246/318 tox|[from] item: Rocky Helmet|[of] p2a: Hippowdon\n|-damage|p1a: Emboar|203/318 tox|[from] Recoil\n|\n|-weather|Sandstorm|[upkeep]\n|-damage|p1a: Emboar|184/318 tox|[from] Sandstorm\n|-damage|p1a: Emboar|146/318 tox|[from] psn\n|upkeep\n|turn|6\n|\n|t:|1771191389\n|switch|p1a: Jirachi|Jirachi, L78|284/284\n|move|p2a: Hippowdon|Stealth Rock|p1a: Jirachi\n|-sidestart|p1: aotakeshi|move: Stealth Rock\n|\n|-weather|Sandstorm|[upkeep]\n|upkeep\n|turn|7\n|\n|t:|1771191401\n|switch|p2a: Moltres|Moltres, L81|277/277\n|-damage|p2a: Moltres|139/277|[from] Stealth Rock\n|move|p1a: Jirachi|Toxic|p2a: Moltres\n|-status|p2a: Moltres|tox\n|\n|-weather|Sandstorm|[upkeep]\n|-damage|p2a: Moltres|122/277 tox|[from] Sandstorm\n|-heal|p2a: Moltres|139/277 tox|[from] item: Leftovers\n|-damage|p2a: Moltres|122/277 tox|[from] psn\n|upkeep\n|turn|8\n|\n|t:|1771191415\n|switch|p1a: Snorlax|Snorlax, L81, F|392/392\n|-damage|p1a: Snorlax|343/392|[from] Stealth Rock\n|move|p2a: Moltres|Roost|p2a: Moltres\n|-heal|p2a: Moltres|261/277 tox\n|-singleturn|p2a: Moltres|move: Roost\n|\n|-weather|Sandstorm|[upkeep]\n|-damage|p2a: Moltres|244/277 tox|[from] Sandstorm\n|-damage|p1a: Snorlax|319/392|[from] Sandstorm\n|-heal|p2a: Moltres|261/277 tox|[from] item: Leftovers\n|-heal|p1a: Snorlax|343/392|[from] item: Leftovers\n|-damage|p2a: Moltres|227/277 tox|[from] psn\n|upkeep\n|turn|9\n|\n|t:|1771191429\n|switch|p1a: Jirachi|Jirachi, L78|284/284\n|-damage|p1a: Jirachi|267/284|[from] Stealth Rock\n|move|p2a: Moltres|Toxic|p1a: Jirachi|[miss]\n|-miss|p2a: Moltres|p1a: Jirachi\n|\n|-weather|none\n|-heal|p1a: Jirachi|284/284|[from] item: Leftovers\n|-heal|p2a: Moltres|244/277 tox|[from] item: Leftovers\n|-damage|p2a: Moltres|193/277 tox|[from] psn\n|upkeep\n|turn|10\n|\n|t:|1771191443\n|switch|p1a: Emboar|Emboar, L83, F|146/318 tox\n|-damage|p1a: Emboar|107/318 tox|[from] Stealth Rock\n|move|p2a: Moltres|Hurricane|p1a: Emboar|[miss]\n|-miss|p2a: Moltres|p1a: Emboar\n|\n|-heal|p2a: Moltres|210/277 tox|[from] item: Leftovers\n|-damage|p2a: Moltres|142/277 tox|[from] psn\n|-damage|p1a: Emboar|88/318 tox|[from] psn\n|upkeep\n|turn|11\n|\n|t:|1771191450\n|move|p2a: Moltres|Hurricane|p1a: Emboar\n|-supereffective|p1a: Emboar\n|-damage|p1a: Emboar|0 fnt\n|faint|p1a: Emboar\n|\n|-heal|p2a: Moltres|159/277 tox|[from] item: Leftovers\n|-damage|p2a: Moltres|74/277 tox|[from] psn\n|upkeep\n|\n|t:|1771191469\n|switch|p1a: Jirachi|Jirachi, L78|284/284\n|-damage|p1a: Jirachi|267/284|[from] Stealth Rock\n|turn|12\n|\n|t:|1771191489\n|move|p1a: Jirachi|Iron Head|p2a: Moltres\n|-resisted|p2a: Moltres\n|-damage|p2a: Moltres|35/277 tox\n|move|p2a: Moltres|Fire Blast|p1a: Jirachi\n|-supereffective|p1a: Jirachi\n|-damage|p1a: Jirachi|0 fnt\n|faint|p1a: Jirachi\n|\n|-heal|p2a: Moltres|52/277 tox|[from] item: Leftovers\n|-damage|p2a: Moltres|0 fnt|[from] psn\n|faint|p2a: Moltres\n|upkeep\n|\n|t:|1771191523\n|switch|p1a: Ariados|Ariados, L91, M|275/275\n|switch|p2a: Relicanth|Relicanth, L87, F|268/316\n|-damage|p2a: Relicanth|229/316|[from] Stealth Rock\n|-damage|p1a: Ariados|207/275|[from] Stealth Rock\n|turn|13\n|\n|t:|1771191530\n|move|p2a: Relicanth|Head Smash|p1a: Ariados\n|-supereffective|p1a: Ariados\n|-damage|p1a: Ariados|0 fnt\n|faint|p1a: Ariados\n|\n|upkeep\n|\n|t:|1771191535\n|switch|p1a: Terrakion|Terrakion, L77|267/267\n|-damage|p1a: Terrakion|251/267|[from] Stealth Rock\n|turn|14\n|\n|t:|1771191572\n|move|p1a: Terrakion|Swords Dance|p1a: Terrakion\n|-boost|p1a: Terrakion|atk|2\n|move|p2a: Relicanth|Head Smash|p1a: Terrakion\n|-resisted|p1a: Terrakion\n|-damage|p1a: Terrakion|129/267\n|\n|upkeep\n|turn|15\n|\n|t:|1771191581\n|move|p1a: Terrakion|Earthquake|p2a: Relicanth\n|-supereffective|p2a: Relicanth\n|-damage|p2a: Relicanth|0 fnt\n|faint|p2a: Relicanth\n|-damage|p1a: Terrakion|103/267|[from] item: Life Orb\n|\n|upkeep\n|\n|t:|1771191591\n|switch|p2a: Hitmonchan|Hitmonchan, L86, M|226/226\n|-damage|p2a: Hitmonchan|212/226|[from] Stealth Rock\n|turn|16\n|\n|t:|1771191595\n|switch|p1a: Tornadus|Tornadus, L82, M|263/263\n|-damage|p1a: Tornadus|198/263|[from] Stealth Rock\n|move|p2a: Hitmonchan|Mach Punch|p1a: Tornadus\n|-resisted|p1a: Tornadus\n|-damage|p1a: Tornadus|162/263\n|\n|-heal|p2a: Hitmonchan|226/226|[from] item: Leftovers\n|upkeep\n|turn|17\n|\n|t:|1771191609\n|switch|p2a: Hippowdon|Hippowdon, L81, F|204/308\n|-damage|p2a: Hippowdon|185/308|[from] Stealth Rock\n|-weather|Sandstorm|[from] ability: Sand Stream|[of] p2a: Hippowdon\n|move|p1a: Tornadus|Bulk Up|p1a: Tornadus\n|-boost|p1a: Tornadus|atk|1\n|-boost|p1a: Tornadus|def|1\n|\n|-weather|Sandstorm|[upkeep]\n|-damage|p1a: Tornadus|146/263|[from] Sandstorm\n|upkeep\n|turn|18\n|\n|t:|1771191636\n|move|p1a: Tornadus|Taunt|p2a: Hippowdon\n|-start|p2a: Hippowdon|move: Taunt\n|move|p2a: Hippowdon|Stone Edge|p1a: Tornadus|[miss]\n|-miss|p2a: Hippowdon|p1a: Tornadus\n|\n|-weather|Sandstorm|[upkeep]\n|-damage|p1a: Tornadus|130/263|[from] Sandstorm\n|upkeep\n|turn|19\n|\n|t:|1771191644\n|move|p1a: Tornadus|Bulk Up|p1a: Tornadus\n|-boost|p1a: Tornadus|atk|1\n|-boost|p1a: Tornadus|def|1\n|move|p2a: Hippowdon|Stone Edge|p1a: Tornadus|[miss]\n|-miss|p2a: Hippowdon|p1a: Tornadus\n|\n|-weather|Sandstorm|[upkeep]\n|-damage|p1a: Tornadus|114/263|[from] Sandstorm\n|upkeep\n|turn|20\n|\n|t:|1771191670\n|move|p1a: Tornadus|Acrobatics|p2a: Hippowdon\n|-damage|p2a: Hippowdon|0 fnt\n|-damage|p1a: Tornadus|71/263|[from] item: Rocky Helmet|[of] p2a: Hippowdon\n|faint|p2a: Hippowdon\n|\n|-weather|Sandstorm|[upkeep]\n|-damage|p1a: Tornadus|55/263|[from] Sandstorm\n|upkeep\n|\n|t:|1771191690\n|switch|p2a: Hitmonchan|Hitmonchan, L86, M|226/226\n|-damage|p2a: Hitmonchan|212/226|[from] Stealth Rock\n|turn|21\n|\n|t:|1771191697\n|move|p2a: Hitmonchan|Mach Punch|p1a: Tornadus\n|-resisted|p1a: Tornadus\n|-damage|p1a: Tornadus|38/263\n|move|p1a: Tornadus|Acrobatics|p2a: Hitmonchan\n|-supereffective|p2a: Hitmonchan\n|-damage|p2a: Hitmonchan|0 fnt\n|faint|p2a: Hitmonchan\n|\n|-weather|none\n|upkeep\n|\n|t:|1771191703\n|switch|p2a: Ursaring|Ursaring, L85, F|292/292\n|-damage|p2a: Ursaring|256/292|[from] Stealth Rock\n|turn|22\n|\n|t:|1771191713\n|move|p2a: Ursaring|Protect|p2a: Ursaring\n|-singleturn|p2a: Ursaring|Protect\n|move|p1a: Tornadus|Superpower|p2a: Ursaring\n|-activate|p2a: Ursaring|move: Protect\n|\n|-status|p2a: Ursaring|tox|[from] item: Toxic Orb\n|upkeep\n|turn|23\n|c|Ōśåaotakeshi|Dang gg\n|\n|t:|1771191768\n|move|p1a: Tornadus|Superpower|p2a: Ursaring\n|-supereffective|p2a: Ursaring\n|-damage|p2a: Ursaring|0 fnt\n|-unboost|p1a: Tornadus|atk|1\n|-unboost|p1a: Tornadus|def|1\n|faint|p2a: Ursaring\n|\n|upkeep\n|\n|t:|1771191772\n|switch|p2a: Hariyama|Hariyama, L86, F|388/388\n|-damage|p2a: Hariyama|364/388|[from] Stealth Rock\n|turn|24\n|c|Ōśåaotakeshi|Wait\n|c|Ōśåaotakeshi|no quick feet?\n|\n|t:|1771191785\n|move|p1a: Tornadus|Acrobatics|p2a: Hariyama\n|-supereffective|p2a: Hariyama\n|-crit|p2a: Hariyama\n|-damage|p2a: Hariyama|0 fnt\n|faint|p2a: Hariyama\n|\n|win|aotakeshi\n|raw|aotakeshi's rating: 1616 &rarr; <strong>1631</strong><br />(+15 for winning)\n|raw|lfmebolfbmol's rating: 1530 &rarr; <strong>1515</strong><br />(-15 for losing)\n|c|Ōśåaotakeshi|Omg\n|l|Ōśålfmebolfbmol\n|player|p2|\n|c|Ōśåaotakeshi|ggggg\n", "inputlog": ">version 686819e5e19f8a7fd2345cfc5a08a5085efa2cc3\n>start {\"formatid\":\"gen6randombattle\",\"seed\":\"sodium,90d21ebdaa20181728d1d14f9fa3d810\",\"rated\":\"Rated battle\"}\n>player p1 {\"name\":\"aotakeshi\",\"avatar\":\"dancer\",\"rating\":1616,\"seed\":\"sodium,406ab04f485d250e114e4412c5dd814e\"}\n>player p2 {\"name\":\"lfmebolfbmol\",\"avatar\":\"169\",\"rating\":1526,\"seed\":\"sodium,aa21e539db024678321c16e58f5a50c4\"}\n>p1 move acrobatics\n>p2 switch 4\n>p1 switch 4\n>p2 move headsmash\n>p1 move stealthrock\n>p2 switch 3\n>p1 switch 3\n>p2 move toxic\n>p1 move headsmash\n>p2 switch 5\n>p1 switch 3\n>p2 move stealthrock\n>p1 move toxic\n>p2 switch 5\n>p1 switch 5\n>p2 move roost\n>p1 switch 5\n>p2 move toxic\n>p1 switch 3\n>p2 move hurricane\n>p1 move superpower\n>p2 move hurricane\n>p1 switch 3\n>p1 move ironhead\n>p2 move fireblast\n>p1 switch 2\n>p2 switch 3\n>p1 move toxicspikes\n>p2 move headsmash\n>p1 switch 6\n>p1 move swordsdance\n>p2 move headsmash\n>p1 move earthquake\n>p2 move headsmash\n>p2 switch 6\n>p1 switch 4\n>p2 move machpunch\n>p1 move bulkup\n>p2 switch 5\n>p1 move taunt\n>p2 move stoneedge\n>p1 move bulkup\n>p2 move stoneedge\n>p1 move acrobatics\n>p2 move stoneedge\n>p2 switch 5\n>p1 move acrobatics\n>p2 move machpunch\n>p2 switch 2\n>p1 move superpower\n>p2 move protect\n>chat Ōśåaotakeshi|Dang gg\n>p1 move superpower\n>p2 move facade\n>p2 switch 4\n>chat Ōśåaotakeshi|Wait\n>chat Ōśåaotakeshi|no quick feet?\n>p1 move acrobatics\n>p2 move heavyslam", "uploadtime": 1771191806, "views": 48, "formatid": "gen6randombattle", "rating": 1515, "private": 0, "password": null}