{"id": "gen6randombattle-2518738554", "format": "[Gen 6] Random Battle", "players": ["SpearPhish", "arboretums"], "log": "|j|☆SpearPhish\n|j|☆arboretums\n|t:|1768421015\n|gametype|singles\n|player|p1|SpearPhish|pryce|1542\n|player|p2|arboretums|serena-masters2|1538\n|gen|6\n|tier|[Gen 6] Random Battle\n|rated|\n|rule|Sleep Clause Mod: Limit one foe put to sleep\n|rule|HP Percentage Mod: HP is shown in percentages\n|rule|Illusion Level Mod: Illusion disguises the Pokémon's true level\n|\n|t:|1768421015\n|teamsize|p1|6\n|teamsize|p2|6\n|start\n|switch|p1a: Amoonguss|Amoonguss, L83, F|325/325\n|switch|p2a: Mewtwo|Mewtwo, L70|264/264\n|-ability|p2a: Mewtwo|Unnerve\n|turn|1\n|inactive|Battle timer is ON: inactive players will automatically lose when time's up. (requested by arboretums)\n|\n|t:|1768421028\n|switch|p1a: Volcanion|Volcanion, L79|255/255\n|move|p2a: Mewtwo|Psystrike|p1a: Volcanion\n|-damage|p1a: Volcanion|141/255\n|-damage|p2a: Mewtwo|238/264|[from] item: Life Orb\n|\n|upkeep\n|turn|2\n|\n|t:|1768421039\n|move|p2a: Mewtwo|Calm Mind|p2a: Mewtwo\n|-boost|p2a: Mewtwo|spa|1\n|-boost|p2a: Mewtwo|spd|1\n|move|p1a: Volcanion|Steam Eruption|p2a: Mewtwo\n|-damage|p2a: Mewtwo|145/264\n|\n|upkeep\n|turn|3\n|\n|t:|1768421047\n|move|p2a: Mewtwo|Recover|p2a: Mewtwo\n|-heal|p2a: Mewtwo|264/264\n|move|p1a: Volcanion|Steam Eruption|p2a: Mewtwo\n|-damage|p2a: Mewtwo|170/264\n|\n|upkeep\n|turn|4\n|\n|t:|1768421053\n|move|p2a: Mewtwo|Psystrike|p1a: Volcanion\n|-damage|p1a: Volcanion|0 fnt\n|faint|p1a: Volcanion\n|-damage|p2a: Mewtwo|144/264|[from] item: Life Orb\n|\n|upkeep\n|\n|t:|1768421063\n|switch|p1a: Florges|Florges-Blue, L84, F|268/268\n|turn|5\n|\n|t:|1768421068\n|move|p2a: Mewtwo|Psystrike|p1a: Florges\n|-damage|p1a: Florges|5/268\n|-damage|p2a: Mewtwo|118/264|[from] item: Life Orb\n|move|p1a: Florges|Toxic|p2a: Mewtwo\n|-status|p2a: Mewtwo|tox\n|\n|-heal|p1a: Florges|21/268|[from] item: Leftovers\n|-damage|p2a: Mewtwo|102/264 tox|[from] psn\n|upkeep\n|turn|6\n|\n|t:|1768421079\n|move|p1a: Florges|Protect|p1a: Florges\n|-singleturn|p1a: Florges|Protect\n|move|p2a: Mewtwo|Psystrike|p1a: Florges\n|-activate|p1a: Florges|move: Protect\n|\n|-heal|p1a: Florges|37/268|[from] item: Leftovers\n|-damage|p2a: Mewtwo|70/264 tox|[from] psn\n|upkeep\n|turn|7\n|\n|t:|1768421088\n|move|p2a: Mewtwo|Psystrike|p1a: Florges\n|-damage|p1a: Florges|0 fnt\n|faint|p1a: Florges\n|-damage|p2a: Mewtwo|44/264 tox|[from] item: Life Orb\n|\n|-damage|p2a: Mewtwo|0 fnt|[from] psn\n|faint|p2a: Mewtwo\n|upkeep\n|\n|t:|1768421099\n|switch|p2a: Staraptor|Staraptor, L78, M|261/261\n|switch|p1a: Excadrill|Excadrill, L80, F|307/307\n|-ability|p1a: Excadrill|Mold Breaker\n|turn|8\n|c|☆arboretums|I have a very unfair team I'm sorry\n|\n|t:|1768421106\n|move|p2a: Staraptor|Close Combat|p1a: Excadrill\n|-supereffective|p1a: Excadrill\n|-damage|p1a: Excadrill|0 fnt\n|-unboost|p2a: Staraptor|def|1\n|-unboost|p2a: Staraptor|spd|1\n|faint|p1a: Excadrill\n|\n|upkeep\n|\n|t:|1768421114\n|switch|p1a: Amoonguss|Amoonguss, L83, F|325/325\n|turn|9\n|\n|t:|1768421120\n|switch|p2a: Shedinja|Shedinja, L95|1/1\n|move|p1a: Amoonguss|Spore|p2a: Shedinja\n|-status|p2a: Shedinja|slp|[from] move: Spore\n|\n|upkeep\n|turn|10\n|\n|t:|1768421128\n|switch|p2a: Staraptor|Staraptor, L78, M|261/261\n|move|p1a: Amoonguss|Foul Play|p2a: Staraptor\n|-damage|p2a: Staraptor|170/261\n|\n|upkeep\n|turn|11\n|c|☆SpearPhish|youre good, thats the way it goes on this app sometimes haha\n|c|☆arboretums|true\n|\n|t:|1768421151\n|move|p2a: Staraptor|Brave Bird|p1a: Amoonguss\n|-supereffective|p1a: Amoonguss\n|-damage|p1a: Amoonguss|0 fnt\n|-damage|p2a: Staraptor|127/261|[from] item: Rocky Helmet|[of] p1a: Amoonguss\n|faint|p1a: Amoonguss\n|-damage|p2a: Staraptor|20/261|[from] Recoil\n|\n|upkeep\n|c|☆arboretums|!showteam\n|c| arboretums|/raw <div class=\"infobox\"><details><summary>View team</summary>Mewtwo @ Life Orb  <br />Ability: Unnerve  <br />Level: 70  <br />EVs: 85 HP &#x2f; 85 Def &#x2f; 85 SpA &#x2f; 85 SpD &#x2f; 85 Spe  <br />IVs: 0 Atk  <br />- Recover  <br />- Psystrike  <br />- Fire Blast  <br />- Calm Mind  <br /><br />Terrakion @ Choice Band  <br />Ability: Justified  <br />Level: 77  <br />EVs: 85 HP &#x2f; 85 Atk &#x2f; 85 Def &#x2f; 85 SpA &#x2f; 85 SpD &#x2f; 85 Spe  <br />- Stone Edge  <br />- Earthquake  <br />- Close Combat  <br />- Quick Attack  <br /><br />Shedinja @ Focus Sash  <br />Ability: Wonder Guard  <br />Level: 95  <br />EVs: 81 HP &#x2f; 85 Atk &#x2f; 85 Def &#x2f; 85 SpA &#x2f; 85 SpD &#x2f; 85 Spe  <br />- Shadow Sneak  <br />- X-Scissor  <br />- Will-O-Wisp  <br />- Swords Dance  <br /><br />Lopunny (M) @ Lopunnite  <br />Ability: Limber  <br />Level: 76  <br />EVs: 81 HP &#x2f; 85 Atk &#x2f; 85 Def &#x2f; 85 SpA &#x2f; 85 SpD &#x2f; 85 Spe  <br />- High Jump Kick  <br />- Power-Up Punch  <br />- Encore  <br />- Return  <br /><br />Druddigon (F) @ Life Orb  <br />Ability: Sheer Force  <br />Level: 86  <br />EVs: 85 HP &#x2f; 85 Atk &#x2f; 85 Def &#x2f; 85 SpA &#x2f; 85 SpD &#x2f; 85 Spe  <br />- Outrage  <br />- Fire Punch  <br />- Gunk Shot  <br />- Sucker Punch  <br /><br />Staraptor (M) @ Choice Band  <br />Ability: Reckless  <br />Level: 78  <br />EVs: 85 HP &#x2f; 85 Atk &#x2f; 85 Def &#x2f; 85 SpA &#x2f; 85 SpD &#x2f; 85 Spe  <br />- Brave Bird  <br />- Close Combat  <br />- U-turn  <br />- Quick Attack  <br /><br /></details></div>\n|c|☆arboretums|it's stupidly strong\n|\n|t:|1768421159\n|switch|p1a: Gorebyss|Gorebyss, L83, F, shiny|226/226\n|turn|12\n|inactive|SpearPhish has 120 seconds left.\n|c|☆SpearPhish|i actually have nothing that can touch shedinja in anyway now\n|c|☆SpearPhish|so gg!\n|c|☆arboretums|BRUH\n|c|☆arboretums|XD\n|-message|SpearPhish forfeited.\n|\n|win|arboretums\n|raw|SpearPhish's rating: 1542 &rarr; <strong>1522</strong><br />(-20 for losing)\n|raw|arboretums's rating: 1538 &rarr; <strong>1558</strong><br />(+20 for winning)\n|l|☆SpearPhish\n|player|p1|\n", "inputlog": ">version f2883557ca71b1a14bc1039fd307aee7de4ab455\n>start {\"formatid\":\"gen6randombattle\",\"seed\":\"sodium,b3ec53128a407422177db57d0b21f7f0\",\"rated\":\"Rated battle\"}\n>player p1 {\"name\":\"SpearPhish\",\"avatar\":\"pryce\",\"rating\":1542,\"seed\":\"sodium,fac450479e8c7b73383b50517d92770b\"}\n>player p2 {\"name\":\"arboretums\",\"avatar\":\"serena-masters2\",\"rating\":1538,\"seed\":\"sodium,2d41cf359fd475f3d44b3483890b338b\"}\n>p1 switch 6\n>p2 move psystrike\n>p1 move steameruption\n>p2 move calmmind\n>p1 move steameruption\n>p2 move recover\n>p1 move steameruption\n>p2 move psystrike\n>p1 switch 2\n>p1 move toxic\n>p2 move psystrike\n>p1 move protect\n>p2 move psystrike\n>p1 move wish\n>p2 move psystrike\n>p1 switch 3\n>p2 switch 6\n>chat ☆arboretums|I have a very unfair team I'm sorry\n>p1 move rockslide\n>p2 move closecombat\n>p1 switch 6\n>p1 move spore\n>p2 switch 3\n>p1 move foulplay\n>p2 switch 3\n>chat ☆SpearPhish|youre good, thats the way it goes on this app sometimes haha\n>chat ☆arboretums|true\n>p1 move gigadrain\n>p2 move bravebird\n>chat ☆arboretums|!showteam\n>chat ☆arboretums|it's stupidly strong\n>p1 switch 5\n>chat ☆SpearPhish|i actually have nothing that can touch shedinja in anyway now\n>chat ☆SpearPhish|so gg!\n>chat ☆arboretums|BRUH\n>chat ☆arboretums|XD\n>forcelose p1", "uploadtime": 1768421195, "views": 261, "formatid": "gen6randombattle", "rating": 1522, "private": 0, "password": null}