{"id": "gen6randombattle-2532905223", "format": "[Gen 6] Random Battle", "players": ["altarsforthem", "Burroemielee"], "log": "|j|ŌĆĮaltarsforthem\n|j|ŌśåBurroemielee\n|t:|1770235297\n|gametype|singles\n|player|p1|altarsforthem|102|1661\n|player|p2|Burroemielee|pokekid|1555\n|gen|6\n|tier|[Gen 6] Random Battle\n|rated|\n|rule|Sleep Clause Mod: Limit one foe put to sleep\n|rule|HP Percentage Mod: HP is shown in percentages\n|rule|Illusion Level Mod: Illusion disguises the Pok├®mon's true level\n|\n|t:|1770235297\n|teamsize|p1|6\n|teamsize|p2|6\n|start\n|switch|p1a: Zygarde|Zygarde, L77|293/293\n|switch|p2a: Musharna|Musharna, L88, F|347/347\n|-ability|p1a: Zygarde|Aura Break\n|turn|1\n|\n|t:|1770235348\n|switch|p1a: Bastiodon|Bastiodon, L95, M|268/268\n|switch|p2a: Furfrou|Furfrou, L85, F|266/266\n|\n|upkeep\n|turn|2\n|\n|t:|1770235378\n|switch|p2a: Huntail|Huntail, L84, M|230/230\n|move|p1a: Bastiodon|Toxic|p2a: Huntail\n|-status|p2a: Huntail|tox\n|\n|-damage|p2a: Huntail|216/230 tox|[from] psn\n|upkeep\n|turn|3\n|\n|t:|1770235389\n|switch|p1a: Tangrowth|Tangrowth, L88, M|319/319\n|move|p2a: Huntail|Waterfall|p1a: Tangrowth\n|-resisted|p1a: Tangrowth\n|-damage|p1a: Tangrowth|286/319\n|\n|-damage|p2a: Huntail|188/230 tox|[from] psn\n|upkeep\n|turn|4\n|\n|t:|1770235410\n|switch|p2a: Venomoth|Venomoth, L84, M|255/255\n|move|p1a: Tangrowth|Knock Off|p2a: Venomoth\n|-damage|p2a: Venomoth|155/255\n|-enditem|p2a: Venomoth|Black Sludge|[from] move: Knock Off|[of] p1a: Tangrowth\n|\n|upkeep\n|turn|5\n|\n|t:|1770235428\n|move|p2a: Venomoth|Bug Buzz|p1a: Tangrowth\n|-supereffective|p1a: Tangrowth\n|-damage|p1a: Tangrowth|130/319\n|move|p1a: Tangrowth|Earthquake|p2a: Venomoth\n|-damage|p2a: Venomoth|41/255\n|\n|upkeep\n|turn|6\n|\n|t:|1770235436\n|switch|p1a: Bastiodon|Bastiodon, L95, M|268/268\n|move|p2a: Venomoth|Bug Buzz|p1a: Bastiodon\n|-resisted|p1a: Bastiodon\n|-damage|p1a: Bastiodon|216/268\n|\n|-heal|p1a: Bastiodon|232/268|[from] item: Leftovers\n|upkeep\n|turn|7\n|\n|t:|1770235451\n|switch|p1a: Shedinja|Shedinja, L95|1/1\n|move|p2a: Venomoth|Sleep Powder|p1a: Shedinja\n|-status|p1a: Shedinja|slp|[from] move: Sleep Powder\n|\n|upkeep\n|turn|8\n|\n|t:|1770235461\n|switch|p1a: Bastiodon|Bastiodon, L95, M|232/268\n|move|p2a: Venomoth|Quiver Dance|p2a: Venomoth\n|-boost|p2a: Venomoth|spa|1\n|-boost|p2a: Venomoth|spd|1\n|-boost|p2a: Venomoth|spe|1\n|\n|-heal|p1a: Bastiodon|248/268|[from] item: Leftovers\n|upkeep\n|turn|9\n|\n|t:|1770235469\n|move|p2a: Venomoth|Bug Buzz|p1a: Bastiodon\n|-resisted|p1a: Bastiodon\n|-damage|p1a: Bastiodon|170/268\n|-unboost|p1a: Bastiodon|spd|1\n|move|p1a: Bastiodon|Rock Slide|p2a: Venomoth\n|-supereffective|p2a: Venomoth\n|-crit|p2a: Venomoth\n|-damage|p2a: Venomoth|0 fnt\n|faint|p2a: Venomoth\n|\n|-heal|p1a: Bastiodon|186/268|[from] item: Leftovers\n|upkeep\n|\n|t:|1770235485\n|switch|p2a: Huntail|Huntail, L84, M|188/230 tox\n|turn|10\n|\n|t:|1770235492\n|move|p2a: Huntail|Shell Smash|p2a: Huntail\n|-unboost|p2a: Huntail|def|1\n|-unboost|p2a: Huntail|spd|1\n|-boost|p2a: Huntail|atk|2\n|-boost|p2a: Huntail|spa|2\n|-boost|p2a: Huntail|spe|2\n|-enditem|p2a: Huntail|White Herb\n|-clearnegativeboost|p2a: Huntail|[silent]\n|move|p1a: Bastiodon|Roar|p2a: Huntail\n|drag|p2a: Toxicroak|Toxicroak, L83, M|273/273\n|\n|-heal|p1a: Bastiodon|202/268|[from] item: Leftovers\n|upkeep\n|turn|11\n|\n|t:|1770235505\n|switch|p1a: Shedinja|Shedinja, L95|1/1 slp\n|move|p2a: Toxicroak|Substitute|p2a: Toxicroak\n|-start|p2a: Toxicroak|Substitute\n|-damage|p2a: Toxicroak|205/273\n|\n|-heal|p2a: Toxicroak|222/273|[from] item: Black Sludge\n|upkeep\n|turn|12\n|\n|t:|1770235513\n|move|p2a: Toxicroak|Gunk Shot|p1a: Shedinja\n|-immune|p1a: Shedinja|[from] ability: Wonder Guard\n|cant|p1a: Shedinja|slp\n|\n|-heal|p2a: Toxicroak|239/273|[from] item: Black Sludge\n|upkeep\n|turn|13\n|\n|t:|1770235538\n|switch|p2a: Jellicent|Jellicent, L85, M|309/309\n|cant|p1a: Shedinja|slp\n|\n|upkeep\n|turn|14\n|\n|t:|1770235551\n|switch|p1a: Vaporeon|Vaporeon, L84, F|356/356\n|move|p2a: Jellicent|Toxic|p1a: Vaporeon\n|-status|p1a: Vaporeon|tox\n|\n|-damage|p1a: Vaporeon|334/356 tox|[from] psn\n|upkeep\n|turn|15\n|\n|t:|1770235565\n|move|p1a: Vaporeon|Heal Bell|p1a: Vaporeon\n|-activate|p1a: Vaporeon|move: Heal Bell\n|-curestatus|p1a: Vaporeon|tox|[msg]\n|-curestatus|p1: Shedinja|slp|[msg]\n|move|p2a: Jellicent|Hex|p1a: Vaporeon\n|-damage|p1a: Vaporeon|276/356\n|\n|-heal|p1a: Vaporeon|298/356|[from] item: Leftovers\n|upkeep\n|turn|16\n|\n|t:|1770235576\n|switch|p1a: Tangrowth|Tangrowth, L88, M|236/319\n|move|p2a: Jellicent|Toxic|p1a: Tangrowth|[miss]\n|-miss|p2a: Jellicent|p1a: Tangrowth\n|\n|upkeep\n|turn|17\n|\n|t:|1770235591\n|switch|p2a: Furfrou|Furfrou, L85, F|266/266\n|move|p1a: Tangrowth|Earthquake|p2a: Furfrou\n|-damage|p2a: Furfrou|217/266\n|\n|upkeep\n|turn|18\n|\n|t:|1770235600\n|move|p2a: Furfrou|Cotton Guard|p2a: Furfrou\n|-boost|p2a: Furfrou|def|3\n|move|p1a: Tangrowth|Knock Off|p2a: Furfrou\n|-damage|p2a: Furfrou|195/266\n|-enditem|p2a: Furfrou|Chesto Berry|[from] move: Knock Off|[of] p1a: Tangrowth\n|\n|upkeep\n|turn|19\n|\n|t:|1770235610\n|switch|p1a: Shedinja|Shedinja, L95|1/1\n|move|p2a: Furfrou|Return|p1a: Shedinja\n|-immune|p1a: Shedinja\n|\n|upkeep\n|turn|20\n|\n|t:|1770235616\n|move|p2a: Furfrou|Toxic|p1a: Shedinja|[miss]\n|-miss|p2a: Furfrou|p1a: Shedinja\n|move|p1a: Shedinja|Swords Dance|p1a: Shedinja\n|-boost|p1a: Shedinja|atk|2\n|\n|upkeep\n|turn|21\n|\n|t:|1770235624\n|switch|p1a: Bastiodon|Bastiodon, L95, M|202/268\n|move|p2a: Furfrou|Toxic|p1a: Bastiodon\n|-immune|p1a: Bastiodon\n|\n|-heal|p1a: Bastiodon|218/268|[from] item: Leftovers\n|upkeep\n|turn|22\n|\n|t:|1770235634\n|move|p2a: Furfrou|Return|p1a: Bastiodon\n|-resisted|p1a: Bastiodon\n|-damage|p1a: Bastiodon|206/268\n|move|p1a: Bastiodon|Roar|p2a: Furfrou\n|drag|p2a: Jellicent|Jellicent, L85, M|309/309\n|\n|-heal|p1a: Bastiodon|222/268|[from] item: Leftovers\n|upkeep\n|turn|23\n|\n|t:|1770235650\n|switch|p1a: Tangrowth|Tangrowth, L88, M|319/319\n|move|p2a: Jellicent|Scald|p1a: Tangrowth\n|-resisted|p1a: Tangrowth\n|-damage|p1a: Tangrowth|285/319\n|\n|upkeep\n|turn|24\n|\n|t:|1770235657\n|switch|p2a: Furfrou|Furfrou, L85, F|195/266\n|move|p1a: Tangrowth|Power Whip|p2a: Furfrou\n|-damage|p2a: Furfrou|107/266\n|\n|upkeep\n|turn|25\n|\n|t:|1770235725\n|switch|p2a: Musharna|Musharna, L88, F|347/347\n|move|p1a: Tangrowth|Earthquake|p2a: Musharna\n|-damage|p2a: Musharna|269/347\n|\n|-heal|p2a: Musharna|290/347|[from] item: Leftovers\n|upkeep\n|turn|26\n|\n|t:|1770235738\n|move|p1a: Tangrowth|Earthquake|p2a: Musharna\n|-damage|p2a: Musharna|216/347\n|move|p2a: Musharna|Signal Beam|p1a: Tangrowth\n|-supereffective|p1a: Tangrowth\n|-damage|p1a: Tangrowth|157/319\n|\n|-heal|p2a: Musharna|237/347|[from] item: Leftovers\n|upkeep\n|turn|27\n|\n|t:|1770235746\n|move|p1a: Tangrowth|Knock Off|p2a: Musharna\n|-supereffective|p2a: Musharna\n|-damage|p2a: Musharna|97/347\n|-enditem|p2a: Musharna|Leftovers|[from] move: Knock Off|[of] p1a: Tangrowth\n|move|p2a: Musharna|Thunder Wave|p1a: Tangrowth\n|-status|p1a: Tangrowth|par\n|\n|upkeep\n|turn|28\n|\n|t:|1770235754\n|switch|p1a: Vaporeon|Vaporeon, L84, F|298/356\n|move|p2a: Musharna|Moonlight|p2a: Musharna\n|-heal|p2a: Musharna|270/347\n|\n|-heal|p1a: Vaporeon|320/356|[from] item: Leftovers\n|upkeep\n|turn|29\n|\n|t:|1770235763\n|move|p1a: Vaporeon|Wish|p1a: Vaporeon\n|move|p2a: Musharna|Thunder Wave|p1a: Vaporeon\n|-status|p1a: Vaporeon|par\n|\n|-heal|p1a: Vaporeon|342/356 par|[from] item: Leftovers\n|upkeep\n|turn|30\n|\n|t:|1770235795\n|switch|p2a: Jellicent|Jellicent, L85, M|309/309\n|move|p1a: Vaporeon|Heal Bell|p1a: Vaporeon\n|-activate|p1a: Vaporeon|move: Heal Bell\n|-curestatus|p1a: Vaporeon|par|[msg]\n|-curestatus|p1: Tangrowth|par|[msg]\n|\n|-heal|p1a: Vaporeon|356/356|[from] move: Wish|[wisher] Vaporeon\n|upkeep\n|turn|31\n|c|ŌśåBurroemielee|ah gg\n|c|ŌśåBurroemielee|I can't figure out a way for the shedinkja\n|\n|t:|1770235840\n|switch|p1a: Tangrowth|Tangrowth, L88, M|263/319\n|move|p2a: Jellicent|Toxic|p1a: Tangrowth\n|-status|p1a: Tangrowth|tox\n|\n|-damage|p1a: Tangrowth|244/319 tox|[from] psn\n|upkeep\n|turn|32\n|\n|t:|1770235856\n|switch|p2a: Furfrou|Furfrou, L85, F|107/266\n|move|p1a: Tangrowth|Sludge Bomb|p2a: Furfrou\n|-damage|p2a: Furfrou|27/266\n|\n|-damage|p1a: Tangrowth|206/319 tox|[from] psn\n|upkeep\n|turn|33\n|\n|t:|1770235871\n|move|p2a: Furfrou|Rest|p2a: Furfrou\n|-status|p2a: Furfrou|slp|[from] move: Rest\n|-heal|p2a: Furfrou|266/266 slp|[silent]\n|move|p1a: Tangrowth|Earthquake|p2a: Furfrou\n|-crit|p2a: Furfrou\n|-damage|p2a: Furfrou|186/266 slp\n|\n|-damage|p1a: Tangrowth|149/319 tox|[from] psn\n|upkeep\n|turn|34\n|\n|t:|1770235891\n|switch|p1a: Bastiodon|Bastiodon, L95, M|222/268\n|cant|p2a: Furfrou|slp\n|\n|-heal|p1a: Bastiodon|238/268|[from] item: Leftovers\n|upkeep\n|turn|35\n|\n|t:|1770235908\n|cant|p2a: Furfrou|slp\n|move|p1a: Bastiodon|Stealth Rock|p2a: Furfrou\n|-sidestart|p2: Burroemielee|move: Stealth Rock\n|\n|-heal|p1a: Bastiodon|254/268|[from] item: Leftovers\n|upkeep\n|turn|36\n|\n|t:|1770235939\n|switch|p2a: Musharna|Musharna, L88, F|270/347\n|-damage|p2a: Musharna|227/347|[from] Stealth Rock\n|move|p1a: Bastiodon|Roar|p2a: Musharna\n|drag|p2a: Furfrou|Furfrou, L85, F|186/266 slp\n|-damage|p2a: Furfrou|153/266 slp|[from] Stealth Rock\n|\n|-heal|p1a: Bastiodon|268/268|[from] item: Leftovers\n|upkeep\n|turn|37\n|\n|t:|1770235950\n|-curestatus|p2a: Furfrou|slp|[msg]\n|move|p2a: Furfrou|Rest|p2a: Furfrou\n|-status|p2a: Furfrou|slp|[from] move: Rest\n|-heal|p2a: Furfrou|266/266 slp|[silent]\n|move|p1a: Bastiodon|Rock Slide|p2a: Furfrou\n|-damage|p2a: Furfrou|224/266 slp\n|\n|upkeep\n|turn|38\n|\n|t:|1770235959\n|cant|p2a: Furfrou|slp\n|move|p1a: Bastiodon|Roar|p2a: Furfrou\n|drag|p2a: Toxicroak|Toxicroak, L83, M|239/273\n|-damage|p2a: Toxicroak|222/273|[from] Stealth Rock\n|\n|-heal|p2a: Toxicroak|239/273|[from] item: Black Sludge\n|upkeep\n|turn|39\n|\n|t:|1770235984\n|switch|p2a: Jellicent|Jellicent, L85, M|309/309\n|-damage|p2a: Jellicent|271/309|[from] Stealth Rock\n|move|p1a: Bastiodon|Roar|p2a: Jellicent\n|drag|p2a: Musharna|Musharna, L88, F|227/347\n|-damage|p2a: Musharna|184/347|[from] Stealth Rock\n|\n|upkeep\n|turn|40\n|\n|t:|1770235996\n|switch|p1a: Vaporeon|Vaporeon, L84, F|356/356\n|move|p2a: Musharna|Moonlight|p2a: Musharna\n|-heal|p2a: Musharna|347/347\n|\n|upkeep\n|turn|41\n|\n|t:|1770236002\n|move|p1a: Vaporeon|Heal Bell|p1a: Vaporeon\n|-activate|p1a: Vaporeon|move: Heal Bell\n|-curestatus|p1: Tangrowth|tox|[msg]\n|move|p2a: Musharna|Thunder Wave|p1a: Vaporeon\n|-status|p1a: Vaporeon|par\n|\n|upkeep\n|turn|42\n|\n|t:|1770236012\n|move|p2a: Musharna|Signal Beam|p1a: Vaporeon\n|-damage|p1a: Vaporeon|294/356 par\n|cant|p1a: Vaporeon|par\n|\n|-heal|p1a: Vaporeon|316/356 par|[from] item: Leftovers\n|upkeep\n|turn|43\n|\n|t:|1770236019\n|move|p2a: Musharna|Psychic|p1a: Vaporeon\n|-damage|p1a: Vaporeon|202/356 par\n|move|p1a: Vaporeon|Wish|p1a: Vaporeon\n|\n|-heal|p1a: Vaporeon|224/356 par|[from] item: Leftovers\n|upkeep\n|turn|44\n|\n|t:|1770236024\n|move|p2a: Musharna|Psychic|p1a: Vaporeon\n|-damage|p1a: Vaporeon|110/356 par\n|cant|p1a: Vaporeon|par\n|\n|-heal|p1a: Vaporeon|288/356 par|[from] move: Wish|[wisher] Vaporeon\n|-heal|p1a: Vaporeon|310/356 par|[from] item: Leftovers\n|upkeep\n|turn|45\n|\n|t:|1770236031\n|move|p2a: Musharna|Psychic|p1a: Vaporeon\n|-damage|p1a: Vaporeon|196/356 par\n|move|p1a: Vaporeon|Wish|p1a: Vaporeon\n|\n|-heal|p1a: Vaporeon|218/356 par|[from] item: Leftovers\n|upkeep\n|turn|46\n|\n|t:|1770236037\n|move|p2a: Musharna|Psychic|p1a: Vaporeon\n|-damage|p1a: Vaporeon|113/356 par\n|move|p1a: Vaporeon|Heal Bell|p1a: Vaporeon\n|-activate|p1a: Vaporeon|move: Heal Bell\n|-curestatus|p1a: Vaporeon|par|[msg]\n|\n|-heal|p1a: Vaporeon|291/356|[from] move: Wish|[wisher] Vaporeon\n|-heal|p1a: Vaporeon|313/356|[from] item: Leftovers\n|upkeep\n|turn|47\n|\n|t:|1770236050\n|switch|p1a: Shedinja|Shedinja, L95|1/1\n|move|p2a: Musharna|Thunder Wave|p1a: Shedinja\n|-status|p1a: Shedinja|par\n|\n|upkeep\n|turn|48\n|c|ŌśåBurroemielee|dude\n|c|ŌśåBurroemielee|I can't hit it anymore\n|c|ŌśåBurroemielee|I can't toxic it\n|c|ŌśåBurroemielee|fuck\n|c|ŌśåBurroemielee|ahahah\n|c|ŌśåBurroemielee|gg\n|-message|Burroemielee forfeited.\n|\n|win|altarsforthem\n|raw|altarsforthem's rating: 1661 &rarr; <strong>1675</strong><br />(+14 for winning)\n|raw|Burroemielee's rating: 1555 &rarr; <strong>1541</strong><br />(-14 for losing)\n|l|ŌśåBurroemielee\n|player|p2|\n", "inputlog": ">version ccdc32dd7cde25fd9e4bed64820e885f66e78a4e\n>start {\"formatid\":\"gen6randombattle\",\"seed\":\"sodium,04718db2f48ba3c5e03328ee6d7be693\",\"rated\":\"Rated battle\"}\n>player p1 {\"name\":\"altarsforthem\",\"avatar\":\"102\",\"rating\":1661,\"seed\":\"sodium,ada607ab2989fa3a618daa0de8b79807\"}\n>player p2 {\"name\":\"Burroemielee\",\"avatar\":\"pokekid\",\"rating\":1555,\"seed\":\"sodium,cad02039c3cf65f46bb9d56398e793cd\"}\n>p1 switch 3\n>p2 switch 6\n>p1 move toxic\n>p2 switch 4\n>p1 switch 6\n>p2 move waterfall\n>p1 move knockoff\n>p2 switch 5\n>p1 move earthquake\n>p2 move bugbuzz\n>p1 switch 6\n>p2 move bugbuzz\n>p1 switch 2\n>p2 move sleeppowder\n>p1 switch 2\n>p2 move quiverdance\n>p1 move rockslide\n>p2 move bugbuzz\n>p2 switch 5\n>p1 move roar\n>p2 move shellsmash\n>p1 switch 2\n>p2 move substitute\n>p1 move shadowclaw\n>p2 move gunkshot\n>p1 move swordsdance\n>p2 switch 3\n>p1 switch 5\n>p2 move toxic\n>p1 move healbell\n>p2 move hex\n>p1 switch 6\n>p2 move toxic\n>p1 move earthquake\n>p2 switch 4\n>p1 move knockoff\n>p2 move cottonguard\n>p1 switch 5\n>p2 move return\n>p1 move swordsdance\n>p2 move toxic\n>p1 switch 2\n>p2 move toxic\n>p1 move roar\n>p2 move return\n>p1 switch 5\n>p2 move scald\n>p1 move powerwhip\n>p2 switch 4\n>p1 move earthquake\n>p2 switch 6\n>p1 move earthquake\n>p2 move signalbeam\n>p1 move knockoff\n>p2 move thunderwave\n>p1 switch 6\n>p2 move moonlight\n>p1 move wish\n>p2 move thunderwave\n>p1 move healbell\n>p2 switch 4\n>chat ŌśåBurroemielee|ah gg\n>chat ŌśåBurroemielee|I can't figure out a way for the shedinkja \n>p1 switch 6\n>p2 move toxic\n>p1 move sludgebomb\n>p2 switch 6\n>p1 move earthquake\n>p2 move rest\n>p1 switch 5\n>p2 move toxic\n>p1 move stealthrock\n>p2 move cottonguard\n>p1 move roar\n>p2 switch 4\n>p1 move rockslide\n>p2 move rest\n>p1 move roar\n>p2 move cottonguard\n>p1 move roar\n>p2 switch 6\n>p1 switch 6\n>p2 move moonlight\n>p1 move healbell\n>p2 move thunderwave\n>p1 move wish\n>p2 move signalbeam\n>p1 move wish\n>p2 move psychic\n>p1 move healbell\n>p2 move psychic\n>p1 move wish\n>p2 move psychic\n>p1 move healbell\n>p2 move psychic\n>p1 switch 2\n>p2 move thunderwave\n>chat ŌśåBurroemielee|dude\n>chat ŌśåBurroemielee|I can't hit it anymore \n>chat ŌśåBurroemielee|I can't toxic it \n>chat ŌśåBurroemielee|fuck\n>chat ŌśåBurroemielee|ahahah\n>chat ŌśåBurroemielee|gg\n>forcelose p2", "uploadtime": 1770236138, "views": 261, "formatid": "gen6randombattle", "rating": 1541, "private": 0, "password": null}