{"id": "gen6randombattle-2540945009", "format": "[Gen 6] Random Battle", "players": ["Omgebhonyel", "expansiveear44"], "log": "|j|ŌśåOmgebhonyel\n|j|Ōśåexpansiveear44\n|t:|1771269619\n|gametype|singles\n|player|p1|Omgebhonyel|brock|1547\n|player|p2|expansiveear44|101|1623\n|gen|6\n|tier|[Gen 6] Random Battle\n|rated|\n|rule|Sleep Clause Mod: Limit one foe put to sleep\n|rule|HP Percentage Mod: HP is shown in percentages\n|rule|Illusion Level Mod: Illusion disguises the Pok├®mon's true level\n|\n|t:|1771269619\n|teamsize|p1|6\n|teamsize|p2|6\n|start\n|switch|p1a: Azumarill|Azumarill, L81, M|295/295\n|switch|p2a: Hydreigon|Hydreigon, L80, M|278/278\n|turn|1\n|inactive|Battle timer is ON: inactive players will automatically lose when time's up. (requested by expansiveear44)\n|\n|t:|1771269643\n|move|p2a: Hydreigon|U-turn|p1a: Azumarill\n|-resisted|p1a: Azumarill\n|-damage|p1a: Azumarill|266/295\n|\n|t:|1771269646\n|switch|p2a: Durant|Durant, L79, F|221/221|[from] U-turn\n|move|p1a: Azumarill|Play Rough|p2a: Durant\n|-resisted|p2a: Durant\n|-damage|p2a: Durant|154/221\n|\n|upkeep\n|turn|2\n|\n|t:|1771269652\n|move|p2a: Durant|Hone Claws|p2a: Durant\n|-boost|p2a: Durant|atk|1\n|-boost|p2a: Durant|accuracy|1\n|move|p1a: Azumarill|Play Rough|p2a: Durant\n|-resisted|p2a: Durant\n|-damage|p2a: Durant|85/221\n|\n|upkeep\n|turn|3\n|\n|t:|1771269659\n|switch|p1a: Infernape|Infernape, L79, M|250/250\n|move|p2a: Durant|Iron Head|p1a: Infernape\n|-resisted|p1a: Infernape\n|-damage|p1a: Infernape|104/250\n|-damage|p2a: Durant|63/221|[from] item: Life Orb\n|\n|upkeep\n|turn|4\n|\n|t:|1771269669\n|move|p1a: Infernape|Close Combat|p2a: Durant\n|-damage|p2a: Durant|0 fnt\n|-unboost|p1a: Infernape|def|1\n|-unboost|p1a: Infernape|spd|1\n|faint|p2a: Durant\n|\n|upkeep\n|\n|t:|1771269672\n|switch|p2a: Dusknoir|Dusknoir, L89, M|225/225\n|-ability|p2a: Dusknoir|Pressure\n|turn|5\n|\n|t:|1771269686\n|switch|p1a: Azumarill|Azumarill, L81, M|266/295\n|move|p2a: Dusknoir|Toxic|p1a: Azumarill\n|-status|p1a: Azumarill|tox\n|\n|-damage|p1a: Azumarill|248/295 tox|[from] psn\n|upkeep\n|turn|6\n|\n|t:|1771269691\n|move|p2a: Dusknoir|Protect|p2a: Dusknoir\n|-singleturn|p2a: Dusknoir|Protect\n|move|p1a: Azumarill|Knock Off|p2a: Dusknoir\n|-activate|p2a: Dusknoir|move: Protect\n|\n|-damage|p1a: Azumarill|212/295 tox|[from] psn\n|upkeep\n|turn|7\n|\n|t:|1771269699\n|switch|p2a: Hydreigon|Hydreigon, L80, M|278/278\n|move|p1a: Azumarill|Knock Off|p2a: Hydreigon\n|-resisted|p2a: Hydreigon\n|-damage|p2a: Hydreigon|214/278\n|-enditem|p2a: Hydreigon|Choice Specs|[from] move: Knock Off|[of] p1a: Azumarill\n|\n|-damage|p1a: Azumarill|158/295 tox|[from] psn\n|upkeep\n|turn|8\n|\n|t:|1771269714\n|move|p2a: Hydreigon|U-turn|p1a: Azumarill\n|-resisted|p1a: Azumarill\n|-damage|p1a: Azumarill|129/295 tox\n|\n|t:|1771269716\n|switch|p2a: Darkrai|Darkrai, L72|220/220|[from] U-turn\n|move|p1a: Azumarill|Knock Off|p2a: Darkrai\n|-resisted|p2a: Darkrai\n|-damage|p2a: Darkrai|156/220\n|-enditem|p2a: Darkrai|Life Orb|[from] move: Knock Off|[of] p1a: Azumarill\n|\n|-damage|p1a: Azumarill|57/295 tox|[from] psn\n|upkeep\n|turn|9\n|\n|t:|1771269724\n|move|p2a: Darkrai|Sludge Bomb|p1a: Azumarill\n|-supereffective|p1a: Azumarill\n|-damage|p1a: Azumarill|0 fnt\n|faint|p1a: Azumarill\n|\n|upkeep\n|\n|t:|1771269737\n|switch|p1a: Diancie|Diancie, L75|199/199\n|turn|10\n|\n|t:|1771269756\n|detailschange|p1a: Diancie|Diancie-Mega, L75\n|-mega|p1a: Diancie|Diancie|Diancite\n|move|p2a: Darkrai|Sludge Bomb|p1a: Diancie\n|-damage|p1a: Diancie|141/199\n|move|p1a: Diancie|Moonblast|p2a: Darkrai\n|-supereffective|p2a: Darkrai\n|-damage|p2a: Darkrai|0 fnt\n|faint|p2a: Darkrai\n|\n|upkeep\n|\n|t:|1771269761\n|switch|p2a: Seismitoad|Seismitoad, L84, M|314/314\n|turn|11\n|\n|t:|1771269765\n|switch|p1a: Azelf|Azelf, L80|251/251\n|move|p2a: Seismitoad|Rain Dance|p2a: Seismitoad\n|-weather|RainDance\n|\n|-weather|RainDance|[upkeep]\n|upkeep\n|turn|12\n|\n|t:|1771269770\n|move|p2a: Seismitoad|Knock Off|p1a: Azelf\n|-supereffective|p1a: Azelf\n|-damage|p1a: Azelf|51/251\n|-enditem|p1a: Azelf|Leftovers|[from] move: Knock Off|[of] p2a: Seismitoad\n|-damage|p2a: Seismitoad|283/314|[from] item: Life Orb\n|move|p1a: Azelf|Explosion|p2a: Seismitoad\n|-damage|p2a: Seismitoad|63/314\n|faint|p1a: Azelf\n|\n|-weather|RainDance|[upkeep]\n|upkeep\n|\n|t:|1771269787\n|switch|p1a: Infernape|Infernape, L79, M|104/250\n|turn|13\n|\n|t:|1771269811\n|move|p2a: Seismitoad|Earthquake|p1a: Infernape\n|-supereffective|p1a: Infernape\n|-damage|p1a: Infernape|0 fnt\n|faint|p1a: Infernape\n|-damage|p2a: Seismitoad|32/314|[from] item: Life Orb\n|\n|-weather|RainDance|[upkeep]\n|upkeep\n|\n|t:|1771269818\n|switch|p1a: Mamoswine|Mamoswine, L78, F|300/300\n|turn|14\n|\n|t:|1771269823\n|move|p1a: Mamoswine|Ice Shard|p2a: Seismitoad\n|-damage|p2a: Seismitoad|0 fnt\n|faint|p2a: Seismitoad\n|-damage|p1a: Mamoswine|270/300|[from] item: Life Orb\n|\n|-weather|RainDance|[upkeep]\n|upkeep\n|\n|t:|1771269829\n|switch|p2a: Dusknoir|Dusknoir, L89, M|225/225\n|-ability|p2a: Dusknoir|Pressure\n|turn|15\n|\n|t:|1771269832\n|move|p1a: Mamoswine|Icicle Crash|p2a: Dusknoir\n|-damage|p2a: Dusknoir|142/225\n|-damage|p1a: Mamoswine|240/300|[from] item: Life Orb\n|move|p2a: Dusknoir|Earthquake|p1a: Mamoswine\n|-damage|p1a: Mamoswine|142/300\n|\n|-weather|none\n|-heal|p2a: Dusknoir|156/225|[from] item: Leftovers\n|upkeep\n|turn|16\n|\n|t:|1771269838\n|move|p2a: Dusknoir|Protect|p2a: Dusknoir\n|-singleturn|p2a: Dusknoir|Protect\n|move|p1a: Mamoswine|Stealth Rock|p2a: Dusknoir\n|-sidestart|p2: expansiveear44|move: Stealth Rock\n|\n|-heal|p2a: Dusknoir|170/225|[from] item: Leftovers\n|upkeep\n|turn|17\n|\n|t:|1771269843\n|move|p1a: Mamoswine|Icicle Crash|p2a: Dusknoir\n|-damage|p2a: Dusknoir|91/225\n|-damage|p1a: Mamoswine|112/300|[from] item: Life Orb\n|move|p2a: Dusknoir|Earthquake|p1a: Mamoswine\n|-damage|p1a: Mamoswine|20/300\n|\n|-heal|p2a: Dusknoir|105/225|[from] item: Leftovers\n|upkeep\n|turn|18\n|\n|t:|1771269847\n|move|p1a: Mamoswine|Ice Shard|p2a: Dusknoir\n|-damage|p2a: Dusknoir|66/225\n|-damage|p1a: Mamoswine|0 fnt|[from] item: Life Orb\n|faint|p1a: Mamoswine\n|move|p2a: Dusknoir|Shadow Sneak|p1: Mamoswine|[notarget]\n|-fail|p2a: Dusknoir\n|\n|-heal|p2a: Dusknoir|80/225|[from] item: Leftovers\n|upkeep\n|\n|t:|1771269851\n|switch|p1a: Diancie|Diancie-Mega, L75|141/199\n|turn|19\n|\n|t:|1771269858\n|move|p1a: Diancie|Diamond Storm|p2a: Dusknoir\n|-damage|p2a: Dusknoir|0 fnt\n|faint|p2a: Dusknoir\n|\n|upkeep\n|\n|t:|1771269866\n|switch|p2a: Heliolisk|Heliolisk, L83, M|239/239\n|-damage|p2a: Heliolisk|210/239|[from] Stealth Rock\n|turn|20\n|\n|t:|1771269871\n|move|p2a: Heliolisk|Surf|p1a: Diancie\n|-supereffective|p1a: Diancie\n|-damage|p1a: Diancie|0 fnt\n|faint|p1a: Diancie\n|detailschange|p1: Diancie|Diancie, L75|[silent]\n|\n|upkeep\n|\n|t:|1771269874\n|switch|p1a: Arceus|Arceus-Poison, L71|288/288\n|turn|21\n|\n|t:|1771269881\n|switch|p2a: Hydreigon|Hydreigon, L80, M|214/278\n|-damage|p2a: Hydreigon|180/278|[from] Stealth Rock\n|move|p1a: Arceus|Calm Mind|p1a: Arceus\n|-boost|p1a: Arceus|spa|1\n|-boost|p1a: Arceus|spd|1\n|\n|upkeep\n|turn|22\n|\n|t:|1771269890\n|move|p1a: Arceus|Calm Mind|p1a: Arceus\n|-boost|p1a: Arceus|spa|1\n|-boost|p1a: Arceus|spd|1\n|move|p2a: Hydreigon|Dark Pulse|p1a: Arceus\n|-crit|p1a: Arceus\n|-damage|p1a: Arceus|158/288\n|\n|upkeep\n|turn|23\n|\n|t:|1771269895\n|move|p1a: Arceus|Recover|p1a: Arceus\n|-heal|p1a: Arceus|288/288\n|move|p2a: Hydreigon|U-turn|p1a: Arceus\n|-resisted|p1a: Arceus\n|-damage|p1a: Arceus|267/288\n|\n|t:|1771269897\n|switch|p2a: Heliolisk|Heliolisk, L83, M|210/239|[from] U-turn\n|-damage|p2a: Heliolisk|181/239|[from] Stealth Rock\n|\n|upkeep\n|turn|24\n|\n|t:|1771269901\n|move|p2a: Heliolisk|Thunderbolt|p1a: Arceus\n|-damage|p1a: Arceus|200/288\n|move|p1a: Arceus|Earth Power|p2a: Heliolisk\n|-supereffective|p2a: Heliolisk\n|-damage|p2a: Heliolisk|0 fnt\n|faint|p2a: Heliolisk\n|\n|upkeep\n|\n|t:|1771269904\n|switch|p2a: Hydreigon|Hydreigon, L80, M|180/278\n|-damage|p2a: Hydreigon|146/278|[from] Stealth Rock\n|turn|25\n|\n|t:|1771269908\n|move|p1a: Arceus|Sludge Bomb|p2a: Hydreigon\n|-damage|p2a: Hydreigon|0 fnt\n|faint|p2a: Hydreigon\n|\n|win|Omgebhonyel\n|raw|Omgebhonyel's rating: 1547 &rarr; <strong>1571</strong><br />(+24 for winning)\n|raw|expansiveear44's rating: 1623 &rarr; <strong>1599</strong><br />(-24 for losing)\n|c|Ōśåexpansiveear44|gg\n|c|ŌśåOmgebhonyel|Gg\n|l|ŌśåOmgebhonyel\n|player|p1|\n|l|Ōśåexpansiveear44\n|player|p2|\n|j|ŌśåOmgebhonyel\n|player|p1|Omgebhonyel|brock|\n", "inputlog": ">version 686819e5e19f8a7fd2345cfc5a08a5085efa2cc3\n>start {\"formatid\":\"gen6randombattle\",\"seed\":\"sodium,1ee0789417f20c91f63161a40df9eab6\",\"rated\":\"Rated battle\"}\n>player p1 {\"name\":\"Omgebhonyel\",\"avatar\":\"brock\",\"rating\":1547,\"seed\":\"sodium,eda05dc3c5228fcf3db06c1aa262fdd9\"}\n>player p2 {\"name\":\"expansiveear44\",\"avatar\":\"101\",\"rating\":1623,\"seed\":\"sodium,64931cb047aca5d58e2d901f0d761f8e\"}\n>p1 move playrough\n>p2 move uturn\n>p2 switch 5\n>p1 move playrough\n>p2 move honeclaws\n>p1 switch 5\n>p2 move ironhead\n>p1 move closecombat\n>p2 move ironhead\n>p2 switch 3\n>p1 switch 5\n>p2 move toxic\n>p1 move knockoff\n>p2 move protect\n>p1 move knockoff\n>p2 switch 5\n>p1 move knockoff\n>p2 move uturn\n>p2 switch 2\n>p1 move knockoff\n>p2 move sludgebomb\n>p1 switch 4\n>p1 move moonblast mega\n>p2 move sludgebomb\n>p2 switch 6\n>p1 switch 2\n>p2 move raindance\n>p1 move explosion\n>p2 move knockoff\n>p1 switch 5\n>p1 move flareblitz\n>p2 move earthquake\n>p1 switch 6\n>p1 move iceshard\n>p2 move hydropump\n>p2 switch 5\n>p1 move iciclecrash\n>p2 move earthquake\n>p1 move stealthrock\n>p2 move protect\n>p1 move iciclecrash\n>p2 move earthquake\n>p1 move iceshard\n>p2 move shadowsneak\n>p1 switch 2\n>p1 move diamondstorm\n>p2 move earthquake\n>p2 switch 4\n>p1 move earthpower\n>p2 move surf\n>p1 switch 3\n>p1 move calmmind\n>p2 switch 2\n>p1 move calmmind\n>p2 move darkpulse\n>p1 move recover\n>p2 move uturn\n>p2 switch 2\n>p1 move earthpower\n>p2 move thunderbolt\n>p2 switch 2\n>p1 move sludgebomb\n>p2 move darkpulse", "uploadtime": 1771270372, "views": 1, "formatid": "gen6randombattle", "rating": 1571, "private": 0, "password": null}