{"id": "gen9vgc2024regh-2273153587", "format": "[Gen 9] VGC 2024 Reg H", "players": ["PugBurro", "aertuluo"], "log": "|j|☆PugBurro\n|j|☆aertuluo\n|t:|1735741552\n|gametype|doubles\n|player|p1|PugBurro|crasherwake|1553\n|player|p2|aertuluo|maid|1537\n|teamsize|p1|6\n|teamsize|p2|6\n|gen|9\n|tier|[Gen 9] VGC 2024 Reg H\n|rated|\n|rule|Species Clause: Limit one of each Pokémon\n|rule|Item Clause: Limit 1 of each item\n|clearpoke\n|poke|p1|Whimsicott, L50, M|\n|poke|p1|Typhlosion-Hisui, L50, M|\n|poke|p1|Clefairy, L50, F|\n|poke|p1|Ursaluna-Bloodmoon, L50, M|\n|poke|p1|Farigiraf, L50, F|\n|poke|p1|Annihilape, L50, M|\n|poke|p2|Incineroar, L50, F|\n|poke|p2|Amoonguss, L50, M|\n|poke|p2|Pelipper, L50, M|\n|poke|p2|Basculegion, L50, M|\n|poke|p2|Archaludon, L50, M|\n|poke|p2|Gengar, L50, F|\n|teampreview|4\n|inactive|Battle timer is ON: inactive players will automatically lose when time's up. (requested by aertuluo)\n|inactive|aertuluo has 60 seconds left.\n|\n|t:|1735741586\n|start\n|switch|p1a: Whimsicott|Whimsicott, L50, M|100/100\n|switch|p1b: Typhlosion|Typhlosion-Hisui, L50, M|100/100\n|switch|p2a: 我恭喜你发财|Amoonguss, L50, M|100/100\n|switch|p2b: 不好的请走开|Archaludon, L50, M|100/100\n|turn|1\n|\n|t:|1735741597\n|switch|p2a: 我恭喜你精彩|Pelipper, L50, M|100/100\n|-weather|RainDance|[from] ability: Drizzle|[of] p2a: 我恭喜你精彩\n|-terastallize|p1b: Typhlosion|Fire\n|move|p1a: Whimsicott|Sunny Day|p1a: Whimsicott\n|-weather|SunnyDay\n|move|p1b: Typhlosion|Eruption|p2b: 不好的请走开|[spread] p2a,p2b\n|-resisted|p2a: 我恭喜你精彩\n|-enditem|p2a: 我恭喜你精彩|Focus Sash\n|-damage|p2a: 我恭喜你精彩|1/100\n|-damage|p2b: 不好的请走开|0 fnt\n|faint|p2b: 不好的请走开\n|\n|-weather|SunnyDay|[upkeep]\n|upkeep\n|j| stewpeed\n|\n|t:|1735741612\n|switch|p2b: 最好的请过来|Basculegion, L50, M|100/100\n|turn|2\n|\n|t:|1735741626\n|move|p2a: 我恭喜你精彩|Wide Guard|p2a: 我恭喜你精彩\n|-singleturn|p2a: 我恭喜你精彩|Wide Guard\n|move|p1a: Whimsicott|Beat Up|p2a: 我恭喜你精彩\n|-damage|p2a: 我恭喜你精彩|0 fnt\n|faint|p2a: 我恭喜你精彩\n|-hitcount|p2: 我恭喜你精彩|1\n|move|p1b: Typhlosion|Eruption|p2b: 最好的请过来\n|-activate|p2b: 最好的请过来|move: Wide Guard\n|move|p2b: 最好的请过来|Last Respects|p1b: Typhlosion\n|-damage|p1b: Typhlosion|0 fnt\n|faint|p1b: Typhlosion\n|-damage|p2b: 最好的请过来|91/100|[from] item: Life Orb\n|\n|-weather|SunnyDay|[upkeep]\n|upkeep\n|\n|t:|1735741639\n|switch|p1b: Ursaluna|Ursaluna-Bloodmoon, L50, M|100/100\n|switch|p2a: 我恭喜你发财|Amoonguss, L50, M|100/100\n|turn|3\n|\n|t:|1735741652\n|move|p2b: 最好的请过来|Protect|p2b: 最好的请过来\n|-singleturn|p2b: 最好的请过来|Protect\n|move|p1a: Whimsicott|Encore|p2b: 最好的请过来\n|-activate|p2b: 最好的请过来|move: Protect\n|move|p1b: Ursaluna|Blood Moon|p2a: 我恭喜你发财\n|-damage|p2a: 我恭喜你发财|37/100\n|move|p2a: 我恭喜你发财|Spore|p1b: Ursaluna\n|-status|p1b: Ursaluna|slp|[from] move: Spore\n|\n|-weather|SunnyDay|[upkeep]\n|upkeep\n|turn|4\n|\n|t:|1735741671\n|move|p1a: Whimsicott|Encore|p2b: 最好的请过来\n|-start|p2b: 最好的请过来|Encore\n|move|p2b: 最好的请过来|Protect|p2b: 最好的请过来\n|-singleturn|p2b: 最好的请过来|Protect\n|cant|p1b: Ursaluna|slp\n|move|p2a: 我恭喜你发财|Pollen Puff|p2b: 最好的请过来\n|-activate|p2b: 最好的请过来|move: Protect\n|\n|-weather|SunnyDay|[upkeep]\n|upkeep\n|turn|5\n|\n|t:|1735741683\n|move|p2b: 最好的请过来|Protect||[still]\n|-fail|p2b: 最好的请过来\n|move|p1a: Whimsicott|Encore|p2a: 我恭喜你发财\n|-start|p2a: 我恭喜你发财|Encore\n|cant|p1b: Ursaluna|slp\n|move|p2a: 我恭喜你发财|Pollen Puff|p1a: Whimsicott\n|-damage|p1a: Whimsicott|72/100\n|\n|-weather|none\n|upkeep\n|turn|6\n|\n|t:|1735741696\n|move|p2b: 最好的请过来|Protect|p2b: 最好的请过来\n|-singleturn|p2b: 最好的请过来|Protect\n|move|p1a: Whimsicott|Tailwind|p1a: Whimsicott\n|-sidestart|p1: PugBurro|move: Tailwind\n|cant|p1b: Ursaluna|slp\n|move|p2a: 我恭喜你发财|Pollen Puff|p1a: Whimsicott\n|-damage|p1a: Whimsicott|42/100\n|\n|-end|p2b: 最好的请过来|Encore\n|upkeep\n|turn|7\n|\n|t:|1735741717\n|-terastallize|p2b: 最好的请过来|Water\n|move|p1a: Whimsicott|Encore|p2b: 最好的请过来\n|-start|p2b: 最好的请过来|Encore\n|-curestatus|p1b: Ursaluna|slp|[msg]\n|move|p1b: Ursaluna|Hyper Voice|p2b: 最好的请过来|[spread] p2a,p2b\n|-damage|p2a: 我恭喜你发财|10/100\n|-damage|p2b: 最好的请过来|47/100\n|move|p2b: 最好的请过来|Protect||[still]\n|-fail|p2b: 最好的请过来\n|move|p2a: 我恭喜你发财|Pollen Puff|p1a: Whimsicott\n|-damage|p1a: Whimsicott|9/100\n|\n|-end|p2a: 我恭喜你发财|Encore\n|upkeep\n|turn|8\n|-message|aertuluo forfeited.\n|\n|win|PugBurro\n|raw|PugBurro's rating: 1553 &rarr; <strong>1572</strong><br />(+19 for winning)\n|raw|aertuluo's rating: 1537 &rarr; <strong>1518</strong><br />(-19 for losing)\n|l|☆aertuluo\n|player|p2|\n|l|☆PugBurro\n|player|p1|\n|l| stewpeed\n", "uploadtime": 1735741967, "views": 172, "formatid": "gen9vgc2024regh", "rating": 1518, "private": 0, "password": null}