{"id": "gen9ou-2647825887", "format": "[Gen 9] OU", "players": ["offense council 4", "Makalvin123"], "log": "|j|☆offense council 4\n|j|‽Makalvin123\n|t:|1783819339\n|gametype|singles\n|player|p1|offense council 4|riley|1190\n|player|p2|Makalvin123|266|1194\n|gen|9\n|tier|[Gen 9] OU\n|rated|\n|rule|HP Percentage Mod: HP is shown in percentages\n|rule|Endless Battle Clause: Forcing endless battles is banned\n|rule|Species Clause: Limit one of each Pokémon\n|rule|OHKO Clause: OHKO moves are banned\n|rule|Evasion Items Clause: Evasion items are banned\n|rule|Evasion Moves Clause: Evasion moves are banned\n|rule|Evasion Abilities Clause: Evasion abilities are banned\n|rule|Sleep Moves Clause: Sleep-inducing moves are banned\n|clearpoke\n|poke|p1|Braviary-Hisui, M|\n|poke|p1|Zamazenta-*|\n|poke|p1|Iron Moth|\n|poke|p1|Darkrai|\n|poke|p1|Glimmora, F|\n|poke|p1|Zebstrika, M|\n|poke|p2|Cinccino, M|\n|poke|p2|Rillaboom, M|\n|poke|p2|Ogerpon-Cornerstone, F|\n|poke|p2|Hitmonlee, M|\n|poke|p2|Rotom-Mow|\n|poke|p2|Greninja-*, M|\n|teampreview\n|\n|t:|1783819344\n|teamsize|p1|6\n|teamsize|p2|6\n|start\n|switch|p1a: Glimmora|Glimmora, F|100/100\n|switch|p2a: Rotom|Rotom-Mow, shiny|100/100\n|turn|1\n|\n|t:|1783819357\n|move|p2a: Rotom|Volt Switch|p1a: Glimmora\n|-damage|p1a: Glimmora|58/100\n|\n|t:|1783819373\n|switch|p2a: Rillaboom|Rillaboom, M, shiny|100/100|[from] Volt Switch\n|-fieldstart|move: Grassy Terrain|[from] ability: Grassy Surge|[of] p2a: Rillaboom\n|move|p1a: Glimmora|Stealth Rock|p2a: Rillaboom\n|-sidestart|p2: Makalvin123|move: Stealth Rock\n|\n|-heal|p1a: Glimmora|64/100|[from] Grassy Terrain\n|upkeep\n|turn|2\n|\n|t:|1783819391\n|-terastallize|p2a: Rillaboom|Fire\n|move|p1a: Glimmora|Mortal Spin|p2a: Rillaboom\n|-damage|p2a: Rillaboom|95/100\n|-status|p2a: Rillaboom|psn\n|move|p2a: Rillaboom|High Horsepower|p1a: Glimmora\n|-supereffective|p1a: Glimmora\n|-damage|p1a: Glimmora|0 fnt\n|-activate|p1a: Glimmora|ability: Toxic Debris\n|-sidestart|p2: Makalvin123|move: Toxic Spikes\n|faint|p1a: Glimmora\n|\n|-heal|p2a: Rillaboom|100/100 psn|[from] Grassy Terrain\n|-damage|p2a: Rillaboom|88/100 psn|[from] psn\n|upkeep\n|\n|t:|1783819412\n|switch|p1a: Zebstrika|Zebstrika, M|100/100\n|turn|3\n|\n|t:|1783819419\n|move|p1a: Zebstrika|High Horsepower|p2a: Rillaboom\n|-supereffective|p2a: Rillaboom\n|-damage|p2a: Rillaboom|39/100 psn\n|move|p2a: Rillaboom|Swords Dance|p2a: Rillaboom\n|-boost|p2a: Rillaboom|atk|2\n|\n|-heal|p2a: Rillaboom|45/100 psn|[from] Grassy Terrain\n|-damage|p2a: Rillaboom|32/100 psn|[from] psn\n|upkeep\n|turn|4\n|\n|t:|1783819431\n|move|p2a: Rillaboom|Grassy Glide|p1a: Zebstrika\n|-damage|p1a: Zebstrika|0 fnt\n|faint|p1a: Zebstrika\n|\n|-heal|p2a: Rillaboom|39/100 psn|[from] Grassy Terrain\n|-damage|p2a: Rillaboom|26/100 psn|[from] psn\n|upkeep\n|inactive|Battle timer is ON: inactive players will automatically lose when time's up. (requested by Makalvin123)\n|\n|t:|1783819442\n|switch|p1a: Braviary|Braviary-Hisui, M|100/100\n|turn|5\n|\n|t:|1783819454\n|move|p1a: Braviary|Vacuum Wave|p2a: Rillaboom\n|-damage|p2a: Rillaboom|7/100 psn\n|move|p2a: Rillaboom|Grassy Glide|p1a: Braviary\n|-resisted|p1a: Braviary\n|-damage|p1a: Braviary|39/100\n|\n|-heal|p2a: Rillaboom|13/100 psn|[from] Grassy Terrain\n|-damage|p2a: Rillaboom|1/100 psn|[from] psn\n|upkeep\n|turn|6\n|inactive|Makalvin123 has 120 seconds left.\n|l|‽Makalvin123\n|inactive|Makalvin123 disconnected and has a minute to reconnect!\n|player|p2|\n|inactive|Makalvin123 has 30 seconds to reconnect!\n|j|‽Makalvin123\n|inactive|Makalvin123 reconnected and has 75 seconds left.\n|player|p2|Makalvin123|266|\n|n|‽Makalvin123|makalvin123\n|n|‽Makalvin123|makalvin123\n|n|‽Makalvin123|makalvin123\n|n|‽Makalvin123|makalvin123\n|n|‽Makalvin123|makalvin123\n|n|‽Makalvin123|makalvin123\n|n|‽Makalvin123|makalvin123\n|n|‽Makalvin123|makalvin123\n|n|‽Makalvin123|makalvin123\n|n|‽Makalvin123|makalvin123\n|n|‽Makalvin123|makalvin123\n|n|‽Makalvin123|makalvin123\n|n|‽Makalvin123|makalvin123\n|n|‽Makalvin123|makalvin123\n|n|‽Makalvin123|makalvin123\n|n|‽Makalvin123|makalvin123\n|n|‽Makalvin123|makalvin123\n|n|‽Makalvin123|makalvin123\n|n|‽Makalvin123|makalvin123\n|n|‽Makalvin123|makalvin123\n|n|‽Makalvin123|makalvin123\n|n|‽Makalvin123|makalvin123\n|n|‽Makalvin123|makalvin123\n|n|‽Makalvin123|makalvin123\n|n|‽Makalvin123|makalvin123\n|n|‽Makalvin123|makalvin123\n|n|‽Makalvin123|makalvin123\n|n|‽Makalvin123|makalvin123\n|n|‽Makalvin123|makalvin123\n|n|‽Makalvin123|makalvin123\n|n|‽Makalvin123|makalvin123\n|n|‽Makalvin123|makalvin123\n|n|‽Makalvin123|makalvin123\n|n|‽Makalvin123|makalvin123\n|n|‽Makalvin123|makalvin123\n|n|‽Makalvin123|makalvin123\n|n|‽Makalvin123|makalvin123\n|n|‽Makalvin123|makalvin123\n|n|‽Makalvin123|makalvin123\n|n|‽Makalvin123|makalvin123\n|n|‽Makalvin123|makalvin123\n|inactive|Makalvin123 has 60 seconds left.\n|inactive|Makalvin123 has 30 seconds left.\n|inactive|Makalvin123 has 20 seconds left.\n|inactive|Makalvin123 has 15 seconds left.\n|\n|t:|1783819593\n|switch|p2a: Hitmonlee|Hitmonlee, M, shiny|100/100\n|-damage|p2a: Hitmonlee|94/100|[from] Stealth Rock\n|-status|p2a: Hitmonlee|psn\n|-enditem|p2a: Hitmonlee|Grassy Seed\n|-boost|p2a: Hitmonlee|def|1|[from] item: Grassy Seed\n|move|p1a: Braviary|Vacuum Wave|p2a: Hitmonlee\n|-damage|p2a: Hitmonlee|77/100 psn\n|\n|-heal|p2a: Hitmonlee|83/100 psn|[from] Grassy Terrain\n|-damage|p2a: Hitmonlee|71/100 psn|[from] psn\n|upkeep\n|turn|7\n|inactive|Makalvin123 has 25 seconds left this turn.\n|inactive|Makalvin123 has 20 seconds left.\n|inactive|Makalvin123 has 15 seconds left.\n|\n|t:|1783819611\n|move|p2a: Hitmonlee|Rapid Spin|p1a: Braviary\n|-damage|p1a: Braviary|13/100\n|-boost|p2a: Hitmonlee|spe|1\n|-sideend|p2: Makalvin123|Toxic Spikes|[from] move: Rapid Spin|[of] p2a: Hitmonlee\n|-sideend|p2: Makalvin123|Stealth Rock|[from] move: Rapid Spin|[of] p2a: Hitmonlee\n|move|p1a: Braviary|Esper Wing|p2a: Hitmonlee\n|-supereffective|p2a: Hitmonlee\n|-damage|p2a: Hitmonlee|0 fnt\n|-boost|p1a: Braviary|spe|1\n|faint|p2a: Hitmonlee\n|\n|upkeep\n|inactive|Makalvin123 has 20 seconds left this turn.\n|inactive|Makalvin123 has 15 seconds left.\n|inactive|Makalvin123 has 10 seconds left.\n|\n|t:|1783819626\n|switch|p2a: Ogerpon|Ogerpon-Cornerstone, F|100/100\n|turn|8\n|inactive|Makalvin123 has 20 seconds left this turn.\n|inactive|Makalvin123 has 15 seconds left.\n|\n|t:|1783819636\n|move|p2a: Ogerpon|Grassy Glide|p1a: Braviary\n|-resisted|p1a: Braviary\n|-damage|p1a: Braviary|0 fnt\n|faint|p1a: Braviary\n|\n|-fieldend|move: Grassy Terrain\n|upkeep\n|\n|t:|1783819648\n|switch|p1a: Darkrai|Darkrai|100/100\n|turn|9\n|inactive|Makalvin123 has 30 seconds left this turn.\n|\n|t:|1783819655\n|move|p2a: Ogerpon|Play Rough|p1a: Darkrai\n|-supereffective|p1a: Darkrai\n|-damage|p1a: Darkrai|14/100\n|move|p1a: Darkrai|Nasty Plot|p1a: Darkrai\n|-boost|p1a: Darkrai|spa|2\n|\n|upkeep\n|turn|10\n|inactive|Makalvin123 has 30 seconds left.\n|-message|offense council 4 forfeited.\n|\n|win|Makalvin123\n|raw|offense council 4's rating: 1190 &rarr; <strong>1165</strong><br />(-25 for losing)\n|raw|Makalvin123's rating: 1194 &rarr; <strong>1219</strong><br />(+25 for winning)\n|l|☆offense council 4\n|player|p1|\n|l|‽Makalvin123\n|player|p2|\n", "uploadtime": 1783820031, "views": 3, "formatid": "gen9ou", "rating": 1165, "private": 0, "password": null}