{"id": "gen9ou-2647799015", "format": "[Gen 9] OU", "players": ["passtimeatwork1994", "yakuzer123"], "log": "|j|☆passtimeatwork1994\n|j|☆yakuzer123\n|t:|1783814639\n|gametype|singles\n|player|p1|passtimeatwork1994|265|1157\n|player|p2|yakuzer123|cheren-gen5bw2|1153\n|gen|9\n|tier|[Gen 9] OU\n|rated|\n|rule|HP Percentage Mod: HP is shown in percentages\n|rule|Endless Battle Clause: Forcing endless battles is banned\n|rule|Species Clause: Limit one of each Pokémon\n|rule|OHKO Clause: OHKO moves are banned\n|rule|Evasion Items Clause: Evasion items are banned\n|rule|Evasion Moves Clause: Evasion moves are banned\n|rule|Evasion Abilities Clause: Evasion abilities are banned\n|rule|Sleep Moves Clause: Sleep-inducing moves are banned\n|clearpoke\n|poke|p1|Grafaiai, F|\n|poke|p1|Great Tusk|\n|poke|p1|Grimmsnarl, M|\n|poke|p1|Rotom-Heat|\n|poke|p1|Ogerpon-Wellspring, F|\n|poke|p1|Iron Valiant|\n|poke|p2|Primeape, M|\n|poke|p2|Pawmot, F|\n|poke|p2|Rabsca, M|\n|poke|p2|Cinderace, M|\n|poke|p2|Krookodile, M|\n|poke|p2|Zoroark-Hisui, M|\n|teampreview\n|\n|t:|1783814654\n|teamsize|p1|6\n|teamsize|p2|6\n|start\n|switch|p1a: Grimmsnarl|Grimmsnarl, M|100/100\n|switch|p2a: Primeape|Primeape, M|100/100\n|turn|1\n|\n|t:|1783814676\n|move|p2a: Primeape|Close Combat|p1a: Grimmsnarl\n|-damage|p1a: Grimmsnarl|29/100\n|-unboost|p2a: Primeape|def|1\n|-unboost|p2a: Primeape|spd|1\n|move|p1a: Grimmsnarl|Drain Punch|p2a: Primeape\n|-damage|p2a: Primeape|0 fnt\n|-heal|p1a: Grimmsnarl|63/100|[from] drain|[of] p2a: Primeape\n|faint|p2a: Primeape\n|\n|upkeep\n|\n|t:|1783814685\n|switch|p2a: Rabsca|Rabsca, M|100/100\n|turn|2\n|\n|t:|1783814692\n|switch|p1a: Rotom|Rotom-Heat|100/100\n|move|p2a: Rabsca|Revival Blessing|p2a: Rabsca\n|-enditem|p2a: Rabsca|Leppa Berry|[eat]\n|-activate|p2a: Rabsca|item: Leppa Berry|Revival Blessing|[consumed]\n|\n|t:|1783814698\n|-heal|p2: Primeape|50/100|[from] move: Revival Blessing\n|\n|upkeep\n|turn|3\n|\n|t:|1783814704\n|switch|p2a: Primeape|Primeape, M|50/100\n|move|p1a: Rotom|Overheat|p2a: Primeape\n|-damage|p2a: Primeape|0 fnt\n|-unboost|p1a: Rotom|spa|2\n|faint|p2a: Primeape\n|\n|upkeep\n|\n|t:|1783814721\n|switch|p2a: Krookodile|Krookodile, M|100/100\n|turn|4\n|inactive|Battle timer is ON: inactive players will automatically lose when time's up. (requested by passtimeatwork1994)\n|\n|t:|1783814729\n|switch|p1a: Ogerpon|Ogerpon-Wellspring, F|100/100\n|move|p2a: Krookodile|Hyper Voice|p1a: Ogerpon\n|-damage|p1a: Ogerpon|18/100\n|\n|upkeep\n|turn|5\n|\n|t:|1783814752\n|move|p1a: Ogerpon|Horn Leech|p2a: Krookodile\n|-damage|p2a: Krookodile|16/100\n|-heal|p1a: Ogerpon|53/100|[from] drain|[of] p2a: Krookodile\n|replace|p2a: Zoroark|Zoroark-Hisui, M\n|-end|p2a: Zoroark|Illusion\n|move|p2a: Zoroark|Hyper Voice|p1a: Ogerpon\n|-damage|p1a: Ogerpon|0 fnt\n|faint|p1a: Ogerpon\n|\n|upkeep\n|inactive|passtimeatwork1994 has 120 seconds left.\n|inactive|passtimeatwork1994 has 90 seconds left.\n|-message|passtimeatwork1994 forfeited.\n|\n|win|yakuzer123\n|raw|passtimeatwork1994's rating: 1157 &rarr; <strong>1132</strong><br />(-25 for losing)\n|raw|yakuzer123's rating: 1153 &rarr; <strong>1178</strong><br />(+25 for winning)\n|l|☆passtimeatwork1994\n|player|p1|\n|l|☆yakuzer123\n|player|p2|\n", "uploadtime": 1783815133, "views": 3, "formatid": "gen9ou", "rating": 1132, "private": 0, "password": null}