{"id": "gen9ou-2647722774", "format": "[Gen 9] OU", "players": ["Dragon5675", "arfingtone"], "log": "|j|ŌśåDragon5675\n|j|Ōśåarfingtone\n|t:|1783801794\n|gametype|singles\n|player|p1|Dragon5675|169|\n|player|p2|arfingtone|hilbert|\n|gen|9\n|tier|[Gen 9] OU\n|rule|HP Percentage Mod: HP is shown in percentages\n|rule|Endless Battle Clause: Forcing endless battles is banned\n|rule|Species Clause: Limit one of each Pok├®mon\n|rule|OHKO Clause: OHKO moves are banned\n|rule|Evasion Items Clause: Evasion items are banned\n|rule|Evasion Moves Clause: Evasion moves are banned\n|rule|Evasion Abilities Clause: Evasion abilities are banned\n|rule|Sleep Moves Clause: Sleep-inducing moves are banned\n|clearpoke\n|poke|p1|Great Tusk|\n|poke|p1|Iron Valiant|\n|poke|p1|Blaziken, F|\n|poke|p1|Iron Hands|\n|poke|p1|Kommo-o, M|\n|poke|p1|Kingambit, F|\n|poke|p2|Ceruledge, M|\n|poke|p2|Sinistcha-Masterpiece|\n|poke|p2|Dragapult, M|\n|poke|p2|Skeledirge, F|\n|poke|p2|Tyranitar, F|\n|poke|p2|Gholdengo|\n|teampreview\n|inactive|Battle timer is ON: inactive players will automatically lose when time's up. (requested by arfingtone)\n|c|ŌśåDragon5675|Had to reload\n|\n|t:|1783801821\n|teamsize|p1|6\n|teamsize|p2|6\n|start\n|switch|p1a: Great Tusk|Great Tusk|100/100\n|switch|p2a: Skeledirge|Skeledirge, F|100/100\n|-enditem|p1a: Great Tusk|Booster Energy\n|-activate|p1a: Great Tusk|ability: Protosynthesis|[fromitem]\n|-start|p1a: Great Tusk|protosynthesisatk\n|turn|1\n|c|ŌśåDragon5675|This is bad for me\n|\n|t:|1783801833\n|switch|p2a: Sinistcha|Sinistcha-Masterpiece|100/100\n|move|p1a: Great Tusk|Knock Off|p2a: Sinistcha\n|-supereffective|p2a: Sinistcha\n|-damage|p2a: Sinistcha|18/100\n|-damage|p1a: Great Tusk|84/100|[from] item: Rocky Helmet|[of] p2a: Sinistcha\n|-enditem|p2a: Sinistcha|Rocky Helmet|[from] move: Knock Off|[of] p1a: Great Tusk\n|\n|upkeep\n|turn|2\n|c|ŌśåDragon5675|Trust IŌĆÖm scarfed\n|inactive|arfingtone has 270 seconds left.\n|c|Ōśåarfingtone|!dt great tusk\n|c|Ōśåarfingtone|/raw <div class=\"message\"><ul class=\"utilichart\"><li class=\"result\"><span class=\"col numcol\">OU</span> <span class=\"col iconcol\"><psicon pokemon=\"greattusk\"/></span> <span class=\"col pokemonnamecol\" style=\"white-space:nowrap\"><a href=\"https://dex.pokemonshowdown.com/pokemon/greattusk\" target=\"_blank\">Great Tusk</a></span> <span class=\"col typecol\"><img src=\"https://play.pokemonshowdown.com/sprites/types/Ground.png\" alt=\"Ground\" height=\"14\" width=\"32\"><img src=\"https://play.pokemonshowdown.com/sprites/types/Fighting.png\" alt=\"Fighting\" height=\"14\" width=\"32\"></span> <span style=\"float:left;min-height:26px\"><span class=\"col abilitycol\">Protosynthesis</span><span class=\"col abilitycol\"></span></span><span style=\"float:left;min-height:26px\"><span class=\"col statcol\"><em>HP</em><br />115</span> <span class=\"col statcol\"><em>Atk</em><br />131</span> <span class=\"col statcol\"><em>Def</em><br />131</span> <span class=\"col statcol\"><em>SpA</em><br />53</span> <span class=\"col statcol\"><em>SpD</em><br />53</span> <span class=\"col statcol\"><em>Spe</em><br />87</span> <span class=\"col bstcol\"><em>BST<br />570</em></span> </span></li><li style=\"clear:both\"></li></ul></div>\n|c|Ōśåarfingtone|/raw <font size=\"1\"><font color=\"#686868\">Dex#:</font> 984&nbsp;|&ThickSpace;<font color=\"#686868\">Gen:</font> 9&nbsp;|&ThickSpace;<font color=\"#686868\">Height:</font> 2.2 m&nbsp;|&ThickSpace;<font color=\"#686868\">Weight:</font> 320 kg <em>(120 BP)</em>&nbsp;|&ThickSpace;<font color=\"#686868\">Dex Colour:</font> Purple&nbsp;|&ThickSpace;<font color=\"#686868\">Egg Group(s):</font> Undiscovered&nbsp;|&ThickSpace;<font color=\"#686868\">Does Not Evolve</font></font>\n\n|\n|t:|1783801877\n|switch|p2a: Skeledirge|Skeledirge, F|100/100\n|move|p1a: Great Tusk|Knock Off|p2a: Skeledirge\n|-supereffective|p2a: Skeledirge\n|-damage|p2a: Skeledirge|34/100\n|-enditem|p2a: Skeledirge|Leftovers|[from] move: Knock Off|[of] p1a: Great Tusk\n|\n|upkeep\n|turn|3\n|c|ŌśåDragon5675|IŌĆÖm spamming this shit gng\n|\n|t:|1783801899\n|move|p1a: Great Tusk|Knock Off|p2a: Skeledirge\n|-supereffective|p2a: Skeledirge\n|-damage|p2a: Skeledirge|0 fnt\n|faint|p2a: Skeledirge\n|\n|upkeep\n|c|Ōśåarfingtone|Rip\n|\n|t:|1783801908\n|switch|p2a: Gholdengo|Gholdengo|100/100\n|turn|4\n|\n|t:|1783801912\n|move|p2a: Gholdengo|Dazzling Gleam|p1a: Great Tusk\n|-supereffective|p1a: Great Tusk\n|-damage|p1a: Great Tusk|0 fnt\n|faint|p1a: Great Tusk\n|-end|p1a: Great Tusk|Protosynthesis|[silent]\n|\n|upkeep\n|\n|t:|1783801917\n|switch|p1a: Blaziken|Blaziken, F, shiny|100/100\n|turn|5\n|inactive|arfingtone has 270 seconds left.\n|c|Ōśåarfingtone|!dt blazikan\n'blazikan' has no exact match. Approximate match:\n|c|Ōśåarfingtone|/raw <div class=\"message\"><ul class=\"utilichart\"><li class=\"result\"><span class=\"col numcol\">UUBL</span> <span class=\"col iconcol\"><psicon pokemon=\"blaziken\"/></span> <span class=\"col pokemonnamecol\" style=\"white-space:nowrap\"><a href=\"https://dex.pokemonshowdown.com/pokemon/blaziken\" target=\"_blank\">Blaziken</a></span> <span class=\"col typecol\"><img src=\"https://play.pokemonshowdown.com/sprites/types/Fire.png\" alt=\"Fire\" height=\"14\" width=\"32\"><img src=\"https://play.pokemonshowdown.com/sprites/types/Fighting.png\" alt=\"Fighting\" height=\"14\" width=\"32\"></span> <span style=\"float:left;min-height:26px\"><span class=\"col abilitycol\">Blaze</span><span class=\"col abilitycol\"><em>Speed Boost</em></span></span><span style=\"float:left;min-height:26px\"><span class=\"col statcol\"><em>HP</em><br />80</span> <span class=\"col statcol\"><em>Atk</em><br />120</span> <span class=\"col statcol\"><em>Def</em><br />70</span> <span class=\"col statcol\"><em>SpA</em><br />110</span> <span class=\"col statcol\"><em>SpD</em><br />70</span> <span class=\"col statcol\"><em>Spe</em><br />80</span> <span class=\"col bstcol\"><em>BST<br />530</em></span> </span></li><li style=\"clear:both\"></li></ul></div>\n|c|Ōśåarfingtone|/raw <font size=\"1\"><font color=\"#686868\">Dex#:</font> 257&nbsp;|&ThickSpace;<font color=\"#686868\">Gen:</font> 3&nbsp;|&ThickSpace;<font color=\"#686868\">Height:</font> 1.9 m&nbsp;|&ThickSpace;<font color=\"#686868\">Weight:</font> 52 kg <em>(80 BP)</em>&nbsp;|&ThickSpace;<font color=\"#686868\">Dex Colour:</font> Red&nbsp;|&ThickSpace;<font color=\"#686868\">Egg Group(s):</font> Field&nbsp;|&ThickSpace;<font color=\"#686868\">Pre-Evolution:</font> Combusken&nbsp;|&ThickSpace;<font color=\"#686868\">Does Not Evolve</font></font>\n\n|c|ŌśåDragon5675|Hehe\n|\n|t:|1783801930\n|move|p2a: Gholdengo|Dazzling Gleam|p1a: Blaziken\n|-damage|p1a: Blaziken|50/100\n|move|p1a: Blaziken|Swords Dance|p1a: Blaziken\n|-boost|p1a: Blaziken|atk|2\n|\n|-ability|p1a: Blaziken|Speed Boost|boost\n|-boost|p1a: Blaziken|spe|1\n|upkeep\n|turn|6\n|c|Ōśåarfingtone|Evil\n|inactive|Dragon5675 has 270 seconds left.\n|\n|t:|1783801976\n|move|p1a: Blaziken|Protect|p1a: Blaziken\n|-singleturn|p1a: Blaziken|Protect\n|move|p2a: Gholdengo|Dazzling Gleam|p1a: Blaziken\n|-activate|p1a: Blaziken|move: Protect\n|\n|-ability|p1a: Blaziken|Speed Boost|boost\n|-boost|p1a: Blaziken|spe|1\n|upkeep\n|turn|7\n|inactive|arfingtone has 270 seconds left.\n|c|ŌśåDragon5675|IŌĆÖm gambling\n|c|ŌśåDragon5675|LetŌĆÖs see if it pays off\n|inactive|arfingtone has 240 seconds left.\n|\n|t:|1783802022\n|switch|p2a: Dragapult|Dragapult, M|100/100\n|move|p1a: Blaziken|Protect||[still]\n|-fail|p1a: Blaziken\n|\n|-ability|p1a: Blaziken|Speed Boost|boost\n|-boost|p1a: Blaziken|spe|1\n|upkeep\n|turn|8\n|c|Ōśåarfingtone|MISCLICK\n|inactive|arfingtone has 240 seconds left.\n|inactive|Dragon5675 has 240 seconds left.\n|\n|t:|1783802041\n|move|p1a: Blaziken|Flare Blitz|p2a: Dragapult\n|-resisted|p2a: Dragapult\n|-damage|p2a: Dragapult|6/100\n|-damage|p1a: Blaziken|18/100|[from] Recoil\n|move|p2a: Dragapult|Draco Meteor|p1a: Blaziken\n|-damage|p1a: Blaziken|0 fnt\n|-unboost|p2a: Dragapult|spa|2\n|faint|p1a: Blaziken\n|\n|upkeep\n|inactive|Dragon5675 has 240 seconds left.\n|\n|t:|1783802048\n|switch|p1a: Iron Valiant|Iron Valiant|100/100\n|-enditem|p1a: Iron Valiant|Booster Energy\n|-activate|p1a: Iron Valiant|ability: Quark Drive|[fromitem]\n|-start|p1a: Iron Valiant|quarkdrivespe\n|turn|9\n|c|Ōśåarfingtone|Yay\n|\n|t:|1783802060\n|switch|p2a: Gholdengo|Gholdengo|100/100\n|move|p1a: Iron Valiant|Calm Mind|p1a: Iron Valiant\n|-boost|p1a: Iron Valiant|spa|1\n|-boost|p1a: Iron Valiant|spd|1\n|\n|upkeep\n|turn|10\n|c|ŌśåDragon5675|Heheheh\n|inactive|arfingtone has 240 seconds left.\n|\n|t:|1783802078\n|move|p1a: Iron Valiant|Shadow Ball|p2a: Gholdengo\n|-supereffective|p2a: Gholdengo\n|-damage|p2a: Gholdengo|4/100\n|move|p2a: Gholdengo|Make It Rain|p1a: Iron Valiant\n|-supereffective|p1a: Iron Valiant\n|-damage|p1a: Iron Valiant|0 fnt\n|-unboost|p2a: Gholdengo|spa|1\n|faint|p1a: Iron Valiant\n|-end|p1a: Iron Valiant|Quark Drive|[silent]\n|\n|upkeep\n|c|ŌśåDragon5675|Your going to lose ngl\n|c|Ōśåarfingtone|Yay\n|inactive|Dragon5675 has 240 seconds left.\n|c|ŌśåDragon5675|WHAT\n|c|Ōśåarfingtone|Gogengo\n|\n|t:|1783802109\n|switch|p1a: Kommo-o|Kommo-o, M|100/100\n|turn|11\n|c|ŌśåDragon5675|Hehehehe\n|inactive|arfingtone has 240 seconds left.\n|\n|t:|1783802126\n|switch|p2a: Tyranitar|Tyranitar, F|100/100\n|-weather|Sandstorm|[from] ability: Sand Stream|[of] p2a: Tyranitar\n|move|p1a: Kommo-o|Clangorous Soul|p1a: Kommo-o\n|-boost|p1a: Kommo-o|atk|1\n|-boost|p1a: Kommo-o|def|1\n|-boost|p1a: Kommo-o|spa|1\n|-boost|p1a: Kommo-o|spd|1\n|-boost|p1a: Kommo-o|spe|1\n|-damage|p1a: Kommo-o|68/100\n|-enditem|p1a: Kommo-o|Throat Spray\n|-boost|p1a: Kommo-o|spa|1|[from] item: Throat Spray\n|\n|-weather|Sandstorm|[upkeep]\n|-damage|p1a: Kommo-o|61/100|[from] Sandstorm\n|upkeep\n|turn|12\n|c|ŌśåDragon5675|LetŌĆÖs see what you do\n|inactive|arfingtone has 240 seconds left.\n|inactive|Dragon5675 has 210 seconds left.\n|c|ŌśåDragon5675|Remember it had to Tera to ghost\n|c|Ōśåarfingtone|Yes\n|c|Ōśåarfingtone|Lets see what i do\n|c|ŌśåDragon5675|draedon didnt do that to his two times\n|\n|t:|1783802179\n|-terastallize|p2a: Tyranitar|Ghost\n|move|p1a: Kommo-o|Clanging Scales|p2a: Tyranitar\n|-damage|p2a: Tyranitar|22/100\n|-unboost|p1a: Kommo-o|def|1\n|move|p2a: Tyranitar|Shadow Claw|p1a: Kommo-o\n|-damage|p1a: Kommo-o|0 fnt\n|faint|p1a: Kommo-o\n|\n|-weather|Sandstorm|[upkeep]\n|-damage|p2a: Tyranitar|16/100|[from] Sandstorm\n|upkeep\n|\n|t:|1783802184\n|switch|p1a: Iron Hands|Iron Hands|100/100\n|-enditem|p1a: Iron Hands|Booster Energy\n|-activate|p1a: Iron Hands|ability: Quark Drive|[fromitem]\n|-start|p1a: Iron Hands|quarkdriveatk\n|turn|13\n|inactive|arfingtone has 240 seconds left.\n|c|Ōśåarfingtone|Yay\n|c|ŌśåDragon5675|Lowk IŌĆÖm FUCKED\n|\n|t:|1783802215\n|move|p2a: Tyranitar|Shadow Claw|p1a: Iron Hands\n|-damage|p1a: Iron Hands|59/100\n|move|p1a: Iron Hands|Play Rough|p2a: Tyranitar\n|-damage|p2a: Tyranitar|0 fnt\n|faint|p2a: Tyranitar\n|\n|-weather|Sandstorm|[upkeep]\n|-damage|p1a: Iron Hands|53/100|[from] Sandstorm\n|upkeep\n|\n|t:|1783802221\n|switch|p2a: Sinistcha|Sinistcha-Masterpiece|18/100\n|turn|14\n|\n|t:|1783802224\n|move|p2a: Sinistcha|Strength Sap|p1a: Iron Hands\n|-unboost|p1a: Iron Hands|atk|1\n|-heal|p2a: Sinistcha|100/100\n|move|p1a: Iron Hands|Fire Punch|p2a: Sinistcha\n|-supereffective|p2a: Sinistcha\n|-damage|p2a: Sinistcha|73/100\n|\n|-weather|Sandstorm|[upkeep]\n|-damage|p2a: Sinistcha|67/100|[from] Sandstorm\n|-damage|p1a: Iron Hands|47/100|[from] Sandstorm\n|upkeep\n|turn|15\n|inactive|Dragon5675 has 210 seconds left.\n|c|ŌśåDragon5675|Fuck\n|c|ŌśåDragon5675|IŌĆÖm cooked gng\n|\n|t:|1783802242\n|move|p2a: Sinistcha|Matcha Gotcha|p1a: Iron Hands\n|-damage|p1a: Iron Hands|11/100\n|-heal|p2a: Sinistcha|90/100|[from] drain|[of] p1a: Iron Hands\n|move|p1a: Iron Hands|Fire Punch|p2a: Sinistcha\n|-supereffective|p2a: Sinistcha\n|-damage|p2a: Sinistcha|67/100\n|\n|-weather|none\n|upkeep\n|turn|16\n|\n|t:|1783802250\n|move|p2a: Sinistcha|Strength Sap|p1a: Iron Hands\n|-unboost|p1a: Iron Hands|atk|1\n|-heal|p2a: Sinistcha|100/100\n|move|p1a: Iron Hands|Fire Punch|p2a: Sinistcha\n|-supereffective|p2a: Sinistcha\n|-damage|p2a: Sinistcha|82/100\n|\n|upkeep\n|turn|17\n|\n|t:|1783802257\n|move|p2a: Sinistcha|Matcha Gotcha|p1a: Iron Hands\n|-damage|p1a: Iron Hands|0 fnt\n|-heal|p2a: Sinistcha|89/100|[from] drain|[of] p1a: Iron Hands\n|faint|p1a: Iron Hands\n|-end|p1a: Iron Hands|Quark Drive|[silent]\n|\n|upkeep\n|\n|t:|1783802261\n|switch|p1a: Kingambit|Kingambit, F|100/100\n|-activate|p1a: Kingambit|ability: Supreme Overlord\n|-start|p1a: Kingambit|fallen5|[silent]\n|turn|18\n|inactive|arfingtone has 240 seconds left.\n|c|ŌśåDragon5675|LetŌĆÖs see what you do\n|\n|t:|1783802276\n|-terastallize|p1a: Kingambit|Fighting\n|move|p2a: Sinistcha|Strength Sap|p1a: Kingambit\n|-unboost|p1a: Kingambit|atk|1\n|-heal|p2a: Sinistcha|100/100\n|move|p1a: Kingambit|Kowtow Cleave|p2a: Sinistcha\n|-supereffective|p2a: Sinistcha\n|-damage|p2a: Sinistcha|0 fnt\n|faint|p2a: Sinistcha\n|\n|upkeep\n|c|ŌśåDragon5675|Fuck\n|\n|t:|1783802292\n|switch|p2a: Ceruledge|Ceruledge, M|100/100\n|turn|19\n|\n|t:|1783802304\n|move|p2a: Ceruledge|Swords Dance|p2a: Ceruledge\n|-boost|p2a: Ceruledge|atk|2\n|move|p1a: Kingambit|Kowtow Cleave|p2a: Ceruledge\n|-supereffective|p2a: Ceruledge\n|-damage|p2a: Ceruledge|0 fnt\n|faint|p2a: Ceruledge\n|\n|upkeep\n|c|ŌśåDragon5675|I lose lowk\n|c|ŌśåDragon5675|Hol up maybe\n|c|Ōśåarfingtone|Hmm\n|inactive|arfingtone has 210 seconds left.\n|c|ŌśåDragon5675|Your mons are low health\n|c|Ōśåarfingtone|That has to be band no\n|c|Ōśåarfingtone|!dt sinistcha\n|c|Ōśåarfingtone|/raw <div class=\"message\"><ul class=\"utilichart\"><li class=\"result\"><span class=\"col numcol\">UU</span> <span class=\"col iconcol\"><psicon pokemon=\"sinistcha\"/></span> <span class=\"col pokemonnamecol\" style=\"white-space:nowrap\"><a href=\"https://dex.pokemonshowdown.com/pokemon/sinistcha\" target=\"_blank\">Sinistcha</a></span> <span class=\"col typecol\"><img src=\"https://play.pokemonshowdown.com/sprites/types/Grass.png\" alt=\"Grass\" height=\"14\" width=\"32\"><img src=\"https://play.pokemonshowdown.com/sprites/types/Ghost.png\" alt=\"Ghost\" height=\"14\" width=\"32\"></span> <span style=\"float:left;min-height:26px\"><span class=\"col abilitycol\">Hospitality</span><span class=\"col abilitycol\"><em>Heatproof</em></span></span><span style=\"float:left;min-height:26px\"><span class=\"col statcol\"><em>HP</em><br />71</span> <span class=\"col statcol\"><em>Atk</em><br />60</span> <span class=\"col statcol\"><em>Def</em><br />106</span> <span class=\"col statcol\"><em>SpA</em><br />121</span> <span class=\"col statcol\"><em>SpD</em><br />80</span> <span class=\"col statcol\"><em>Spe</em><br />70</span> <span class=\"col bstcol\"><em>BST<br />508</em></span> </span></li><li style=\"clear:both\"></li></ul></div>\n|c|Ōśåarfingtone|/raw <font size=\"1\"><font color=\"#686868\">Dex#:</font> 1013&nbsp;|&ThickSpace;<font color=\"#686868\">Gen:</font> 9&nbsp;|&ThickSpace;<font color=\"#686868\">Height:</font> 0.2 m&nbsp;|&ThickSpace;<font color=\"#686868\">Weight:</font> 2.2 kg <em>(20 BP)</em>&nbsp;|&ThickSpace;<font color=\"#686868\">Dex Colour:</font> Green&nbsp;|&ThickSpace;<font color=\"#686868\">Egg Group(s):</font> Mineral, Amorphous&nbsp;|&ThickSpace;<font color=\"#686868\">Pre-Evolution:</font> Poltchageist&nbsp;|&ThickSpace;<font color=\"#686868\">Does Not Evolve</font></font>\n\n|\n|t:|1783802339\n|switch|p2a: Gholdengo|Gholdengo|4/100\n|turn|20\n|c|ŌśåDragon5675|And I donŌĆÖt think you do enough damage to one shot\n|\n|t:|1783802357\n|move|p2a: Gholdengo|Dazzling Gleam|p1a: Kingambit\n|-supereffective|p1a: Kingambit\n|-damage|p1a: Kingambit|45/100\n|move|p1a: Kingambit|Kowtow Cleave|p2a: Gholdengo\n|-supereffective|p2a: Gholdengo\n|-damage|p2a: Gholdengo|0 fnt\n|faint|p2a: Gholdengo\n|\n|upkeep\n|c|Ōśåarfingtone|Owie\n|\n|t:|1783802366\n|switch|p2a: Dragapult|Dragapult, M|6/100\n|turn|21\n|inactive|arfingtone has 210 seconds left.\n|c|ŌśåDragon5675|LetŌĆÖs see if youre scarfed or smthing like that\n|c|Ōśåarfingtone|EAIT\n|c|Ōśåarfingtone|WAIT\n|c|ŌśåDragon5675|What\n|c|Ōśåarfingtone|I HAVE THE WRONG ITEM\n|c|ŌśåDragon5675|What is it\n|c|Ōśåarfingtone|CHOICE BAND ON A SPECIAL DRAGAPULT\n|c|Ōśåarfingtone|­¤śŁ­¤śŁ­¤śŁ­¤śŁ\n|c|ŌśåDragon5675|bruh\n|inactive|arfingtone has 180 seconds left.\n|\n|t:|1783802401\n|move|p1a: Kingambit|Sucker Punch|p2a: Dragapult\n|-supereffective|p2a: Dragapult\n|-damage|p2a: Dragapult|0 fnt\n|faint|p2a: Dragapult\n|\n|win|Dragon5675\n|c|Ōśåarfingtone|Aww\n|c|ŌśåDragon5675|I thought I was fucked\n", "uploadtime": 1783802424, "views": 8, "formatid": "gen9ou", "rating": null, "private": 0, "password": null}