{"id": "gen9ou-2647717745", "format": "[Gen 9] OU", "players": ["Enderian67", "Yisso"], "log": "|j|ŌśåEnderian67\n|j|ŌśåYisso\n|t:|1783801024\n|gametype|singles\n|player|p1|Enderian67|lida|\n|player|p2|Yisso|steven-masters|\n|gen|9\n|tier|[Gen 9] OU\n|rule|HP Percentage Mod: HP is shown in percentages\n|rule|Endless Battle Clause: Forcing endless battles is banned\n|rule|Species Clause: Limit one of each Pok├®mon\n|rule|OHKO Clause: OHKO moves are banned\n|rule|Evasion Items Clause: Evasion items are banned\n|rule|Evasion Moves Clause: Evasion moves are banned\n|rule|Evasion Abilities Clause: Evasion abilities are banned\n|rule|Sleep Moves Clause: Sleep-inducing moves are banned\n|clearpoke\n|poke|p1|Zapdos|\n|poke|p1|Great Tusk|\n|poke|p1|Gholdengo|\n|poke|p1|Kingambit, F|\n|poke|p1|Dragapult, M|\n|poke|p1|Rillaboom, M|\n|poke|p2|Cresselia, F|\n|poke|p2|Samurott-Hisui, M|\n|poke|p2|Garchomp, F|\n|poke|p2|Great Tusk|\n|poke|p2|Gholdengo|\n|poke|p2|Zamazenta-*|\n|teampreview\n|inactive|Battle timer is ON: inactive players will automatically lose when time's up. (requested by Yisso)\n|c|ŌśåYisso|glhf\n|\n|t:|1783801044\n|teamsize|p1|6\n|teamsize|p2|6\n|start\n|switch|p1a: Rillaboom|Rillaboom, M|100/100\n|switch|p2a: Samurott|Samurott-Hisui, M, shiny|100/100\n|-fieldstart|move: Grassy Terrain|[from] ability: Grassy Surge|[of] p1a: Rillaboom\n|turn|1\n|c|ŌśåYisso|mmmhh\n|c|ŌśåYisso|this is a shit mu for me ngl\n|c|ŌśåEnderian67|big ol read\n|\n|t:|1783801070\n|switch|p2a: Zamazenta|Zamazenta|100/100\n|-ability|p2a: Zamazenta|Dauntless Shield|boost\n|-boost|p2a: Zamazenta|def|1\n|move|p1a: Rillaboom|Knock Off|p2a: Zamazenta\n|-resisted|p2a: Zamazenta\n|-damage|p2a: Zamazenta|92/100\n|-enditem|p2a: Zamazenta|Leftovers|[from] move: Knock Off|[of] p1a: Rillaboom\n|\n|-heal|p2a: Zamazenta|98/100|[from] Grassy Terrain\n|upkeep\n|turn|2\n|c|ŌśåYisso|ok time to lock in\n|\n|t:|1783801082\n|move|p2a: Zamazenta|Iron Defense|p2a: Zamazenta\n|-boost|p2a: Zamazenta|def|2\n|move|p1a: Rillaboom|U-turn|p2a: Zamazenta\n|-resisted|p2a: Zamazenta\n|-damage|p2a: Zamazenta|94/100\n|\n|t:|1783801086\n|switch|p1a: Zapdos|Zapdos|100/100|[from] U-turn\n|-ability|p1a: Zapdos|Pressure\n|\n|-heal|p2a: Zamazenta|99/100|[from] Grassy Terrain\n|upkeep\n|turn|3\n|c|ŌśåYisso|you are now\n|c|ŌśåYisso|going to miss hurricane\n|inactive|Yisso has 270 seconds left.\n|\n|t:|1783801109\n|-terastallize|p2a: Zamazenta|Steel\n|move|p2a: Zamazenta|Body Press|p1a: Zapdos\n|-resisted|p1a: Zapdos\n|-damage|p1a: Zapdos|40/100\n|move|p1a: Zapdos|Hurricane|p2a: Zamazenta|[miss]\n|-miss|p1a: Zapdos|p2a: Zamazenta\n|\n|-heal|p2a: Zamazenta|100/100|[from] Grassy Terrain\n|upkeep\n|turn|4\n|c|ŌśåYisso|told ya\n|inactive|Yisso has 270 seconds left.\n|c|ŌśåEnderian67|fuh\n|c|ŌśåEnderian67|welp zapdos useless\n|\n|t:|1783801138\n|switch|p1a: Dragapult|Dragapult, M|100/100\n|move|p2a: Zamazenta|Crunch|p1a: Dragapult\n|-supereffective|p1a: Dragapult\n|-damage|p1a: Dragapult|42/100\n|\n|-heal|p1a: Dragapult|48/100|[from] Grassy Terrain\n|upkeep\n|turn|5\n|\n|t:|1783801150\n|switch|p2a: Samurott|Samurott-Hisui, M, shiny|100/100\n|move|p1a: Dragapult|Flamethrower|p2a: Samurott\n|-resisted|p2a: Samurott\n|-damage|p2a: Samurott|93/100\n|\n|-heal|p1a: Dragapult|54/100|[from] Grassy Terrain\n|-heal|p2a: Samurott|99/100|[from] Grassy Terrain\n|-fieldend|move: Grassy Terrain\n|upkeep\n|turn|6\n|inactive|Yisso has 240 seconds left.\n|\n|t:|1783801175\n|switch|p1a: Rillaboom|Rillaboom, M|100/100\n|-fieldstart|move: Grassy Terrain|[from] ability: Grassy Surge|[of] p1a: Rillaboom\n|move|p2a: Samurott|Knock Off|p1a: Rillaboom\n|-damage|p1a: Rillaboom|66/100\n|-enditem|p1a: Rillaboom|Assault Vest|[from] move: Knock Off|[of] p2a: Samurott\n|\n|-heal|p2a: Samurott|100/100|[from] Grassy Terrain\n|-heal|p1a: Rillaboom|72/100|[from] Grassy Terrain\n|upkeep\n|turn|7\n|\n|t:|1783801190\n|move|p2a: Samurott|Ceaseless Edge|p1a: Rillaboom\n|-damage|p1a: Rillaboom|34/100\n|-sidestart|p1: Enderian67|Spikes\n|move|p1a: Rillaboom|U-turn|p2a: Samurott\n|-supereffective|p2a: Samurott\n|-damage|p2a: Samurott|43/100\n|\n|t:|1783801197\n|switch|p1a: Great Tusk|Great Tusk|100/100|[from] U-turn\n|-damage|p1a: Great Tusk|88/100|[from] Spikes\n|\n|-heal|p2a: Samurott|50/100|[from] Grassy Terrain\n|-heal|p1a: Great Tusk|94/100|[from] Grassy Terrain\n|-heal|p1a: Great Tusk|100/100|[from] item: Leftovers\n|upkeep\n|turn|8\n|\n|t:|1783801211\n|move|p2a: Samurott|Flip Turn|p1a: Great Tusk\n|-supereffective|p1a: Great Tusk\n|-damage|p1a: Great Tusk|78/100\n|inactive|Yisso has 240 seconds left.\n|\n|t:|1783801228\n|switch|p2a: Gholdengo|Gholdengo|100/100|[from] Flip Turn\n|move|p1a: Great Tusk|Headlong Rush|p2a: Gholdengo\n|-supereffective|p2a: Gholdengo\n|-damage|p2a: Gholdengo|0 fnt\n|-unboost|p1a: Great Tusk|def|1\n|-unboost|p1a: Great Tusk|spd|1\n|faint|p2a: Gholdengo\n|\n|-heal|p1a: Great Tusk|84/100|[from] Grassy Terrain\n|-heal|p1a: Great Tusk|90/100|[from] item: Leftovers\n|upkeep\n|c|ŌśåYisso|fuck\n|inactive|Yisso has 240 seconds left.\n|c|ŌśåYisso|i knew it\n|\n|t:|1783801236\n|switch|p2a: Cresselia|Cresselia, F|100/100\n|turn|9\n|\n|t:|1783801242\n|-end|p1a: Great Tusk|Protosynthesis|[silent]\n|switch|p1a: Gholdengo|Gholdengo|100/100\n|-item|p1a: Gholdengo|Air Balloon\n|move|p2a: Cresselia|Calm Mind|p2a: Cresselia\n|-boost|p2a: Cresselia|spa|1\n|-boost|p2a: Cresselia|spd|1\n|\n|upkeep\n|turn|10\n|\n|t:|1783801255\n|move|p1a: Gholdengo|Nasty Plot|p1a: Gholdengo\n|-boost|p1a: Gholdengo|spa|2\n|move|p2a: Cresselia|Calm Mind|p2a: Cresselia\n|-boost|p2a: Cresselia|spa|1\n|-boost|p2a: Cresselia|spd|1\n|\n|-fieldend|move: Grassy Terrain\n|upkeep\n|turn|11\n|\n|t:|1783801267\n|move|p1a: Gholdengo|Shadow Ball|p2a: Cresselia\n|-supereffective|p2a: Cresselia\n|-damage|p2a: Cresselia|46/100\n|move|p2a: Cresselia|Stored Power|p1a: Gholdengo\n|-resisted|p1a: Gholdengo\n|-damage|p1a: Gholdengo|69/100\n|-enditem|p1a: Gholdengo|Air Balloon\n|\n|upkeep\n|turn|12\n|\n|t:|1783801273\n|move|p1a: Gholdengo|Shadow Ball|p2a: Cresselia\n|-supereffective|p2a: Cresselia\n|-damage|p2a: Cresselia|0 fnt\n|faint|p2a: Cresselia\n|\n|upkeep\n|\n|t:|1783801279\n|switch|p2a: Samurott|Samurott-Hisui, M, shiny|50/100\n|turn|13\n|inactive|Enderian67 has 270 seconds left.\n|\n|t:|1783801313\n|switch|p1a: Kingambit|Kingambit, F|100/100\n|-damage|p1a: Kingambit|88/100|[from] Spikes\n|move|p2a: Samurott|Sucker Punch||[still]\n|-fail|p2a: Samurott\n|\n|upkeep\n|turn|14\n|inactive|Enderian67 has 270 seconds left.\n|\n|t:|1783801324\n|switch|p2a: Zamazenta|Zamazenta, tera:Steel|100/100\n|move|p1a: Kingambit|Low Sweep|p2a: Zamazenta\n|-supereffective|p2a: Zamazenta\n|-damage|p2a: Zamazenta|66/100\n|-unboost|p2a: Zamazenta|spe|1\n|\n|upkeep\n|turn|15\n|c|ŌśåYisso|i forgot i terad\n|\n|t:|1783801337\n|move|p2a: Zamazenta|Body Press|p1a: Kingambit\n|-supereffective|p1a: Kingambit\n|-crit|p1a: Kingambit\n|-damage|p1a: Kingambit|0 fnt\n|faint|p1a: Kingambit\n|-end|p1a: Kingambit|fallenundefined|[silent]\n|\n|upkeep\n|\n|t:|1783801342\n|switch|p1a: Dragapult|Dragapult, M|54/100\n|-damage|p1a: Dragapult|42/100|[from] Spikes\n|turn|16\n|c|ŌśåYisso|crit 100% mattered\n|\n|t:|1783801348\n|-terastallize|p1a: Dragapult|Ghost\n|move|p1a: Dragapult|Shadow Ball|p2a: Zamazenta\n|-damage|p2a: Zamazenta|27/100\n|move|p2a: Zamazenta|Crunch|p1a: Dragapult\n|-supereffective|p1a: Dragapult\n|-damage|p1a: Dragapult|0 fnt\n|faint|p1a: Dragapult\n|\n|upkeep\n|\n|t:|1783801359\n|switch|p1a: Zapdos|Zapdos|40/100\n|-ability|p1a: Zapdos|Pressure\n|turn|17\n|\n|t:|1783801365\n|switch|p2a: Garchomp|Garchomp, F|100/100\n|move|p1a: Zapdos|Heat Wave|p2a: Garchomp\n|-resisted|p2a: Garchomp\n|-damage|p2a: Garchomp|79/100\n|\n|upkeep\n|turn|18\n|\n|t:|1783801374\n|switch|p1a: Great Tusk|Great Tusk|90/100\n|-damage|p1a: Great Tusk|78/100|[from] Spikes\n|move|p2a: Garchomp|Stealth Rock|p1a: Great Tusk\n|-sidestart|p1: Enderian67|move: Stealth Rock\n|\n|-heal|p1a: Great Tusk|84/100|[from] item: Leftovers\n|upkeep\n|turn|19\n|\n|t:|1783801382\n|move|p2a: Garchomp|Earthquake|p1a: Great Tusk\n|-damage|p1a: Great Tusk|62/100\n|move|p1a: Great Tusk|Rapid Spin|p2a: Garchomp\n|-damage|p2a: Garchomp|70/100\n|-boost|p1a: Great Tusk|spe|1\n|-damage|p1a: Great Tusk|50/100|[from] ability: Rough Skin|[of] p2a: Garchomp\n|-damage|p1a: Great Tusk|33/100|[from] item: Rocky Helmet|[of] p2a: Garchomp\n|-sideend|p1: Enderian67|Spikes|[from] move: Rapid Spin|[of] p1a: Great Tusk\n|-sideend|p1: Enderian67|Stealth Rock|[from] move: Rapid Spin|[of] p1a: Great Tusk\n|\n|-heal|p1a: Great Tusk|40/100|[from] item: Leftovers\n|upkeep\n|turn|20\n|\n|t:|1783801394\n|move|p1a: Great Tusk|Headlong Rush|p2a: Garchomp\n|-damage|p2a: Garchomp|40/100\n|-unboost|p1a: Great Tusk|def|1\n|-unboost|p1a: Great Tusk|spd|1\n|-damage|p1a: Great Tusk|27/100|[from] ability: Rough Skin|[of] p2a: Garchomp\n|-damage|p1a: Great Tusk|11/100|[from] item: Rocky Helmet|[of] p2a: Garchomp\n|move|p2a: Garchomp|Dragon Tail|p1a: Great Tusk\n|-damage|p1a: Great Tusk|0 fnt\n|faint|p1a: Great Tusk\n|-end|p1a: Great Tusk|Protosynthesis|[silent]\n|\n|upkeep\n|\n|t:|1783801397\n|switch|p1a: Rillaboom|Rillaboom, M|34/100\n|-fieldstart|move: Grassy Terrain|[from] ability: Grassy Surge|[of] p1a: Rillaboom\n|turn|21\n|\n|t:|1783801423\n|move|p1a: Rillaboom|Grassy Glide|p2a: Garchomp\n|-damage|p2a: Garchomp|15/100\n|-damage|p1a: Rillaboom|21/100|[from] ability: Rough Skin|[of] p2a: Garchomp\n|-damage|p1a: Rillaboom|5/100|[from] item: Rocky Helmet|[of] p2a: Garchomp\n|move|p2a: Garchomp|Dragon Tail|p1a: Rillaboom\n|-damage|p1a: Rillaboom|0 fnt\n|faint|p1a: Rillaboom\n|\n|-heal|p2a: Garchomp|21/100|[from] Grassy Terrain\n|upkeep\n|\n|t:|1783801427\n|switch|p1a: Gholdengo|Gholdengo|69/100\n|turn|22\n|\n|t:|1783801433\n|switch|p1a: Zapdos|Zapdos|40/100\n|-ability|p1a: Zapdos|Pressure\n|move|p2a: Garchomp|Earthquake|p1a: Zapdos\n|-immune|p1a: Zapdos\n|\n|-heal|p2a: Garchomp|27/100|[from] Grassy Terrain\n|upkeep\n|turn|23\n|\n|t:|1783801440\n|move|p1a: Zapdos|Hurricane|p2a: Garchomp\n|-damage|p2a: Garchomp|0 fnt\n|faint|p2a: Garchomp\n|\n|upkeep\n|\n|t:|1783801452\n|switch|p2a: Samurott|Samurott-Hisui, M, shiny|50/100\n|turn|24\n|\n|t:|1783801458\n|move|p2a: Samurott|Sucker Punch|p1a: Zapdos\n|-damage|p1a: Zapdos|3/100\n|move|p1a: Zapdos|Hurricane|p2a: Samurott|[miss]\n|-miss|p1a: Zapdos|p2a: Samurott\n|\n|-heal|p2a: Samurott|56/100|[from] Grassy Terrain\n|upkeep\n|turn|25\n|c|ŌśåEnderian67|your luck wth\n|c|ŌśåYisso|that's why you don't run hurricane\n|\n|t:|1783801482\n|move|p2a: Samurott|Sucker Punch|p1a: Zapdos\n|-damage|p1a: Zapdos|0 fnt\n|faint|p1a: Zapdos\n|\n|-heal|p2a: Samurott|62/100|[from] Grassy Terrain\n|-fieldend|move: Grassy Terrain\n|upkeep\n|\n|t:|1783801486\n|switch|p1a: Gholdengo|Gholdengo|69/100\n|turn|26\n|\n|t:|1783801501\n|move|p1a: Gholdengo|Shadow Ball|p2a: Samurott\n|-resisted|p2a: Samurott\n|-damage|p2a: Samurott|48/100\n|-unboost|p2a: Samurott|spd|1\n|move|p2a: Samurott|Knock Off|p1a: Gholdengo\n|-supereffective|p1a: Gholdengo\n|-damage|p1a: Gholdengo|6/100\n|\n|upkeep\n|turn|27\n|\n|t:|1783801510\n|move|p2a: Samurott|Sucker Punch||[still]\n|-fail|p2a: Samurott\n|move|p1a: Gholdengo|Recover|p1a: Gholdengo\n|-heal|p1a: Gholdengo|56/100\n|\n|upkeep\n|turn|28\n|\n|t:|1783801518\n|move|p2a: Samurott|Sucker Punch|p1a: Gholdengo\n|-supereffective|p1a: Gholdengo\n|-damage|p1a: Gholdengo|0 fnt\n|faint|p1a: Gholdengo\n|\n|win|Yisso\n|c|ŌśåYisso|gg\n|c|ŌśåEnderian67|ggs\n|c|ŌśåEnderian67|Bo3 time\n", "uploadtime": 1783801523, "views": 8, "formatid": "gen9ou", "rating": null, "private": 0, "password": null}