{"id": "gen9ou-2639960898", "format": "[Gen 9] OU", "players": ["dark joe biden", "DolipraneEnFeu"], "log": "|j|☆dark joe biden\n|j|☆DolipraneEnFeu\n|t:|1782553040\n|gametype|singles\n|player|p1|dark joe biden|102|1580\n|player|p2|DolipraneEnFeu|2|1575\n|gen|9\n|tier|[Gen 9] OU\n|rated|\n|rule|HP Percentage Mod: HP is shown in percentages\n|rule|Endless Battle Clause: Forcing endless battles is banned\n|rule|Species Clause: Limit one of each Pokémon\n|rule|OHKO Clause: OHKO moves are banned\n|rule|Evasion Items Clause: Evasion items are banned\n|rule|Evasion Moves Clause: Evasion moves are banned\n|rule|Evasion Abilities Clause: Evasion abilities are banned\n|rule|Sleep Moves Clause: Sleep-inducing moves are banned\n|clearpoke\n|poke|p1|Araquanid, F|\n|poke|p1|Cinderace, M|\n|poke|p1|Zapdos|\n|poke|p1|Ting-Lu|\n|poke|p1|Deoxys-Speed|\n|poke|p1|Dragonite, M|\n|poke|p2|Kingambit, F|\n|poke|p2|Zapdos|\n|poke|p2|Primarina, M|\n|poke|p2|Clodsire, M|\n|poke|p2|Cinderace, F|\n|poke|p2|Deoxys-Speed|\n|teampreview\n|inactive|Battle timer is ON: inactive players will automatically lose when time's up. (requested by dark joe biden)\n|\n|t:|1782553048\n|teamsize|p1|6\n|teamsize|p2|6\n|start\n|switch|p1a: Araquanid|Araquanid, F|100/100\n|switch|p2a: BonnieBoost|Deoxys-Speed|100/100\n|-ability|p2a: BonnieBoost|Pressure\n|turn|1\n|\n|t:|1782553055\n|-terastallize|p2a: BonnieBoost|Psychic\n|move|p2a: BonnieBoost|Psycho Boost|p1a: Araquanid\n|-damage|p1a: Araquanid|7/100\n|-unboost|p2a: BonnieBoost|spa|2\n|move|p1a: Araquanid|Liquidation|p2a: BonnieBoost\n|-damage|p2a: BonnieBoost|0 fnt\n|faint|p2a: BonnieBoost\n|\n|upkeep\n|-message|DolipraneEnFeu forfeited.\n|\n|win|dark joe biden\n|raw|dark joe biden's rating: 1580 &rarr; <strong>1600</strong><br />(+20 for winning)\n|raw|DolipraneEnFeu's rating: 1575 &rarr; <strong>1555</strong><br />(-20 for losing)\n|l|☆DolipraneEnFeu\n|player|p2|\n|l|☆dark joe biden\n|player|p1|\n|j|☆dark joe biden\n|player|p1|dark joe biden|102|\n|l|☆dark joe biden\n|player|p1|\n", "uploadtime": 1782553323, "views": 25, "formatid": "gen9ou", "rating": 1555, "private": 0, "password": null}