{"id": "gen9ou-2647689719", "format": "[Gen 9] OU", "players": ["andre4295", "T7"], "log": "|j|☆andre4295\n|j|☆T7\n|t:|1783796732\n|gametype|singles\n|player|p1|andre4295|1|1366\n|player|p2|T7|gentleman|1378\n|gen|9\n|tier|[Gen 9] OU\n|rated|\n|rule|HP Percentage Mod: HP is shown in percentages\n|rule|Endless Battle Clause: Forcing endless battles is banned\n|rule|Species Clause: Limit one of each Pokémon\n|rule|OHKO Clause: OHKO moves are banned\n|rule|Evasion Items Clause: Evasion items are banned\n|rule|Evasion Moves Clause: Evasion moves are banned\n|rule|Evasion Abilities Clause: Evasion abilities are banned\n|rule|Sleep Moves Clause: Sleep-inducing moves are banned\n|clearpoke\n|poke|p1|Regieleki|\n|poke|p1|Clefable, F|\n|poke|p1|Scizor, M|\n|poke|p1|Zamazenta-*|\n|poke|p1|Gliscor, F|\n|poke|p1|Ogerpon-Wellspring, F|\n|poke|p2|Smeargle, M|\n|poke|p2|Maushold-Four|\n|poke|p2|Raging Bolt|\n|poke|p2|Hoopa-Unbound|\n|poke|p2|Cinderace, M|\n|poke|p2|Kyurem|\n|teampreview\n|inactive|Battle timer is ON: inactive players will automatically lose when time's up. (requested by andre4295)\n|\n|t:|1783796741\n|teamsize|p1|6\n|teamsize|p2|6\n|start\n|switch|p1a: Daniel|Gliscor, F|100/100\n|switch|p2a: Smeargle|Smeargle, M|100/100\n|turn|1\n|\n|t:|1783796750\n|move|p1a: Daniel|Protect|p1a: Daniel\n|-singleturn|p1a: Daniel|Protect\n|move|p2a: Smeargle|Shell Smash|p2a: Smeargle\n|-unboost|p2a: Smeargle|def|1\n|-unboost|p2a: Smeargle|spd|1\n|-boost|p2a: Smeargle|atk|2\n|-boost|p2a: Smeargle|spa|2\n|-boost|p2a: Smeargle|spe|2\n|\n|-status|p1a: Daniel|tox|[from] item: Toxic Orb\n|upkeep\n|turn|2\n|\n|t:|1783796759\n|move|p2a: Smeargle|Icicle Spear|p1a: Daniel\n|-supereffective|p1a: Daniel\n|-crit|p1a: Daniel\n|-damage|p1a: Daniel|55/100 tox\n|-supereffective|p1a: Daniel\n|-damage|p1a: Daniel|27/100 tox\n|-supereffective|p1a: Daniel\n|-damage|p1a: Daniel|1/100 tox\n|-supereffective|p1a: Daniel\n|-damage|p1a: Daniel|0 fnt\n|faint|p1a: Daniel\n|-hitcount|p1: Daniel|4\n|\n|upkeep\n|\n|t:|1783796763\n|switch|p1a: Helenice|Clefable, F|100/100\n|turn|3\n|\n|t:|1783796786\n|move|p2a: Smeargle|Population Bomb|p1a: Helenice\n|-damage|p1a: Helenice|93/100\n|-damage|p1a: Helenice|85/100\n|-damage|p1a: Helenice|78/100\n|-damage|p1a: Helenice|69/100\n|-damage|p1a: Helenice|61/100\n|-damage|p1a: Helenice|53/100\n|-damage|p1a: Helenice|45/100\n|-damage|p1a: Helenice|36/100\n|-damage|p1a: Helenice|28/100\n|-damage|p1a: Helenice|20/100\n|-hitcount|p1a: Helenice|10\n|move|p1a: Helenice|Moonblast|p2a: Smeargle\n|-damage|p2a: Smeargle|0 fnt\n|faint|p2a: Smeargle\n|\n|upkeep\n|l|☆T7\n|inactive|T7 disconnected and has a minute to reconnect!\n|player|p2|\n|inactive|T7 has 30 seconds to reconnect!\n|inactive|T7 has 20 seconds to reconnect!\n|inactive|T7 has 15 seconds to reconnect!\n|inactive|T7 has 10 seconds to reconnect!\n|inactive|T7 has 5 seconds to reconnect!\n|-message|T7 lost due to inactivity.\n|\n|win|andre4295\n|raw|andre4295's rating: 1366 &rarr; <strong>1387</strong><br />(+21 for winning)\n|raw|T7's rating: 1378 &rarr; <strong>1357</strong><br />(-21 for losing)\n|l|☆andre4295\n|player|p1|\n|j|☆T7\n|player|p2|T7|gentleman|\n|l|☆T7\n|player|p2|\n", "uploadtime": 1783797069, "views": 13, "formatid": "gen9ou", "rating": 1357, "private": 0, "password": null}