{"id": "gen9ou-2647713647", "format": "[Gen 9] OU", "players": ["Yisso", "mcstupidly_"], "log": "|j|ŌśåYisso\n|j|Ōśåmcstupidly_\n|t:|1783800406\n|gametype|singles\n|player|p1|Yisso|steven-masters|\n|player|p2|mcstupidly_|265|\n|gen|9\n|tier|[Gen 9] OU\n|rule|HP Percentage Mod: HP is shown in percentages\n|rule|Endless Battle Clause: Forcing endless battles is banned\n|rule|Species Clause: Limit one of each Pok├®mon\n|rule|OHKO Clause: OHKO moves are banned\n|rule|Evasion Items Clause: Evasion items are banned\n|rule|Evasion Moves Clause: Evasion moves are banned\n|rule|Evasion Abilities Clause: Evasion abilities are banned\n|rule|Sleep Moves Clause: Sleep-inducing moves are banned\n|clearpoke\n|poke|p1|Cresselia, F|\n|poke|p1|Samurott-Hisui, F|\n|poke|p1|Garchomp, F|\n|poke|p1|Great Tusk|\n|poke|p1|Gholdengo|\n|poke|p1|Zamazenta-*|\n|poke|p2|Ogerpon-Cornerstone, F|\n|poke|p2|Ceruledge, M|\n|poke|p2|Iron Treads|\n|poke|p2|Hydreigon, M|\n|poke|p2|Thundurus-Therian, M|\n|poke|p2|Primarina, F|\n|teampreview\n|inactive|Battle timer is ON: inactive players will automatically lose when time's up. (requested by Yisso)\n|c|ŌśåYisso|glhf\n|j| Big Chill Jr\n|c|Ōśåmcstupidly_|u2 fam\n|inactive|Yisso has 270 seconds left.\n|inactive|mcstupidly_ has 270 seconds left.\n|\n|t:|1783800446\n|teamsize|p1|6\n|teamsize|p2|6\n|start\n|switch|p1a: Cresselia|Cresselia, F|100/100\n|switch|p2a: Thundurus|Thundurus-Therian, M|100/100\n|turn|1\n|\n|t:|1783800452\n|move|p2a: Thundurus|Volt Switch|p1a: Cresselia\n|-damage|p1a: Cresselia|70/100\n|\n|t:|1783800457\n|switch|p2a: Iron Treads|Iron Treads, shiny|100/100|[from] Volt Switch\n|move|p1a: Cresselia|Calm Mind|p1a: Cresselia\n|-boost|p1a: Cresselia|spa|1\n|-boost|p1a: Cresselia|spd|1\n|\n|upkeep\n|turn|2\n|\n|t:|1783800470\n|move|p2a: Iron Treads|Stealth Rock|p1a: Cresselia\n|-sidestart|p1: Yisso|move: Stealth Rock\n|move|p1a: Cresselia|Moonlight|p1a: Cresselia\n|-heal|p1a: Cresselia|100/100\n|\n|upkeep\n|turn|3\n|c|Ōśåmcstupidly_|uhhh\n|c|Ōśåmcstupidly_|cm moonlight moon blast\n|c|Ōśåmcstupidly_|and then\n|inactive|mcstupidly_ has 270 seconds left.\n|c|Ōśåmcstupidly_|twave/tbolt/psychic?\n|c|ŌśåYisso|how do you know moonblast?\n|\n|t:|1783800512\n|-end|p2a: Iron Treads|Quark Drive|[silent]\n|switch|p2a: Ceruledge|Ceruledge, M, shiny|100/100\n|move|p1a: Cresselia|Calm Mind|p1a: Cresselia\n|-boost|p1a: Cresselia|spa|1\n|-boost|p1a: Cresselia|spd|1\n|\n|upkeep\n|turn|4\n|c|ŌśåYisso|wanna find out what i have?\n|\n|t:|1783800528\n|-terastallize|p1a: Cresselia|Poison\n|move|p2a: Ceruledge|Poltergeist|p1a: Cresselia\n|-activate|p1a: Cresselia|move: Poltergeist|Covert Cloak\n|-damage|p1a: Cresselia|69/100\n|move|p1a: Cresselia|Stored Power|p2a: Ceruledge\n|-damage|p2a: Ceruledge|40/100\n|\n|upkeep\n|turn|5\n|inactive|mcstupidly_ has 270 seconds left.\n|c|Ōśåmcstupidly_|oh yeah\n|c|Ōśåmcstupidly_|well shit\n|c|Ōśåmcstupidly_|its bold I think\n|inactive|Yisso has 270 seconds left.\n|c|Ōśåmcstupidly_|so I lowkey lose\n|\n|t:|1783800562\n|move|p2a: Ceruledge|Swords Dance|p2a: Ceruledge\n|-boost|p2a: Ceruledge|atk|2\n|move|p1a: Cresselia|Moonlight|p1a: Cresselia\n|-heal|p1a: Cresselia|100/100\n|\n|upkeep\n|turn|6\n|\n|t:|1783800569\n|move|p2a: Ceruledge|Bitter Blade|p1a: Cresselia\n|-damage|p1a: Cresselia|47/100\n|-heal|p2a: Ceruledge|79/100|[from] drain|[of] p1a: Cresselia\n|move|p1a: Cresselia|Stored Power|p2a: Ceruledge\n|-damage|p2a: Ceruledge|17/100\n|\n|upkeep\n|turn|7\n|\n|t:|1783800579\n|switch|p1a: Garchomp|Garchomp, F|100/100\n|-damage|p1a: Garchomp|94/100|[from] Stealth Rock\n|move|p2a: Ceruledge|Poltergeist|p1a: Garchomp\n|-activate|p1a: Garchomp|move: Poltergeist|Rocky Helmet\n|-crit|p1a: Garchomp\n|-damage|p1a: Garchomp|0 fnt\n|faint|p1a: Garchomp\n|\n|upkeep\n|\n|t:|1783800586\n|switch|p1a: Samurott|Samurott-Hisui, F, shiny|100/100\n|-damage|p1a: Samurott|88/100|[from] Stealth Rock\n|turn|8\n|\n|t:|1783800593\n|move|p1a: Samurott|Sucker Punch|p2a: Ceruledge\n|-supereffective|p2a: Ceruledge\n|-damage|p2a: Ceruledge|0 fnt\n|faint|p2a: Ceruledge\n|\n|upkeep\n|c|ŌśåYisso|well that was dumb\n|c| Big Chill Jr|Crit mattered\n|c|ŌśåYisso|i gave you a mon and a hlf for nothin\n|\n|t:|1783800615\n|switch|p2a: Ogerpon|Ogerpon-Cornerstone, F|100/100\n|turn|9\n|\n|t:|1783800621\n|move|p2a: Ogerpon|Swords Dance|p2a: Ogerpon\n|-boost|p2a: Ogerpon|atk|2\n|move|p1a: Samurott|Flip Turn|p2a: Ogerpon\n|-damage|p2a: Ogerpon|68/100\n|\n|t:|1783800623\n|switch|p1a: Gholdengo|Gholdengo|100/100|[from] Flip Turn\n|-damage|p1a: Gholdengo|94/100|[from] Stealth Rock\n|\n|upkeep\n|turn|10\n|inactive|mcstupidly_ has 270 seconds left.\n|\n|t:|1783800646\n|switch|p2a: Hydreigon|Hydreigon, M|100/100\n|move|p1a: Gholdengo|Make It Rain|p2a: Hydreigon\n|-damage|p2a: Hydreigon|24/100\n|-unboost|p1a: Gholdengo|spa|1\n|\n|upkeep\n|turn|11\n|\n|t:|1783800652\n|switch|p2a: Primarina|Primarina, F|100/100\n|move|p1a: Gholdengo|Make It Rain|p2a: Primarina\n|-damage|p2a: Primarina|80/100\n|-unboost|p1a: Gholdengo|spa|1\n|\n|upkeep\n|turn|12\n|\n|t:|1783800657\n|switch|p1a: Cresselia|Cresselia, F, tera:Poison|47/100\n|-damage|p1a: Cresselia|35/100|[from] Stealth Rock\n|move|p2a: Primarina|Flip Turn|p1a: Cresselia\n|-damage|p1a: Cresselia|26/100\n|inactive|mcstupidly_ has 270 seconds left.\n|\n|t:|1783800678\n|switch|p2a: Ogerpon|Ogerpon-Cornerstone, F|68/100|[from] Flip Turn\n|\n|upkeep\n|turn|13\n|c|ŌśåYisso|i still can't understand the item on this shit\n|\n|t:|1783800699\n|move|p2a: Ogerpon|Ivy Cudgel|p1a: Cresselia|[anim] Ivy Cudgel Rock\n|-damage|p1a: Cresselia|0 fnt\n|faint|p1a: Cresselia\n|\n|upkeep\n|\n|t:|1783800703\n|switch|p1a: Great Tusk|Great Tusk|100/100\n|-damage|p1a: Great Tusk|97/100|[from] Stealth Rock\n|turn|14\n|c|ŌśåYisso|wait no\n|inactive|mcstupidly_ has 270 seconds left.\n|j| Enderian67\n|c|ŌśåYisso|i missclicked\n|c|Ōśåmcstupidly_|its so glowking doesn't hax with sludge bomb\n|inactive|Yisso has 270 seconds left.\n|\n|t:|1783800732\n|switch|p2a: Hydreigon|Hydreigon, M|24/100\n|move|p1a: Great Tusk|Rapid Spin|p2a: Hydreigon\n|-damage|p2a: Hydreigon|2/100\n|-boost|p1a: Great Tusk|spe|1\n|-sideend|p1: Yisso|Stealth Rock|[from] move: Rapid Spin|[of] p1a: Great Tusk\n|\n|upkeep\n|turn|15\n|\n|t:|1783800739\n|move|p1a: Great Tusk|Rapid Spin|p2a: Hydreigon\n|-damage|p2a: Hydreigon|0 fnt\n|-boost|p1a: Great Tusk|spe|1\n|faint|p2a: Hydreigon\n|\n|upkeep\n|\n|t:|1783800743\n|switch|p2a: Primarina|Primarina, F|80/100\n|turn|16\n|l| Enderian67\n|\n|t:|1783800756\n|move|p1a: Great Tusk|Headlong Rush|p2a: Primarina\n|-damage|p2a: Primarina|0 fnt\n|-unboost|p1a: Great Tusk|def|1\n|-unboost|p1a: Great Tusk|spd|1\n|faint|p2a: Primarina\n|\n|upkeep\n|c|Ōśåmcstupidly_|what\n|c|ŌśåYisso|rahhh tusk the goat\n|c|Ōśåmcstupidly_|I swear that didn't kill from like way less health last game\n|inactive|mcstupidly_ has 240 seconds left.\n|c|ŌśåYisso|brother\n|c|ŌśåYisso|last game i did cc\n|\n|t:|1783800811\n|switch|p2a: Thundurus|Thundurus-Therian, M|100/100\n|turn|17\n|\n|t:|1783800822\n|move|p1a: Great Tusk|Ice Spinner|p2a: Thundurus\n|-supereffective|p2a: Thundurus\n|-damage|p2a: Thundurus|10/100\n|move|p2a: Thundurus|Focus Blast|p1a: Great Tusk\n|-damage|p1a: Great Tusk|22/100\n|\n|upkeep\n|turn|18\n|\n|t:|1783800828\n|move|p1a: Great Tusk|Ice Spinner|p2a: Thundurus\n|-supereffective|p2a: Thundurus\n|-damage|p2a: Thundurus|0 fnt\n|faint|p2a: Thundurus\n|\n|upkeep\n|c|Ōśåmcstupidly_|yeah ggs\n|\n|t:|1783800841\n|switch|p2a: Iron Treads|Iron Treads, shiny|100/100\n|turn|19\n|\n|t:|1783800850\n|-terastallize|p2a: Iron Treads|Ghost\n|move|p1a: Great Tusk|Headlong Rush|p2a: Iron Treads\n|-damage|p2a: Iron Treads|35/100\n|-unboost|p1a: Great Tusk|def|1\n|-unboost|p1a: Great Tusk|spd|1\n|move|p2a: Iron Treads|Rapid Spin|p1a: Great Tusk\n|-damage|p1a: Great Tusk|0 fnt\n|-boost|p2a: Iron Treads|spe|1\n|faint|p1a: Great Tusk\n|-end|p1a: Great Tusk|Protosynthesis|[silent]\n|\n|-heal|p2a: Iron Treads|41/100|[from] item: Leftovers\n|upkeep\n|\n|t:|1783800855\n|switch|p1a: Samurott|Samurott-Hisui, F, shiny|88/100\n|turn|20\n|\n|t:|1783800872\n|-end|p2a: Iron Treads|Quark Drive|[silent]\n|switch|p2a: Ogerpon|Ogerpon-Cornerstone, F|68/100\n|move|p1a: Samurott|Ceaseless Edge|p2a: Ogerpon\n|-damage|p2a: Ogerpon|15/100\n|-sidestart|p2: mcstupidly_|Spikes\n|\n|upkeep\n|turn|21\n|inactive|mcstupidly_ has 210 seconds left.\n|\n|t:|1783800926\n|switch|p1a: Gholdengo|Gholdengo|94/100\n|move|p2a: Ogerpon|Swords Dance|p2a: Ogerpon\n|-boost|p2a: Ogerpon|atk|2\n|\n|upkeep\n|turn|22\n|-message|mcstupidly_ forfeited.\n|\n|win|Yisso\n|l|Ōśåmcstupidly_\n|player|p2|\n|c|ŌśåYisso|ggs\n", "uploadtime": 1783800940, "views": 14, "formatid": "gen9ou", "rating": null, "private": 0, "password": null}