{"id": "gen9ou-2647763443", "format": "[Gen 9] OU", "players": ["Cdgyhyfe2.0", "oseimak000"], "log": "|j|ŌśåCdgyhyfe2.0\n|j|Ōśåoseimak000\n|t:|1783808383\n|gametype|singles\n|player|p1|Cdgyhyfe2.0|n|1259\n|player|p2|oseimak000|benga|1300\n|gen|9\n|tier|[Gen 9] OU\n|rated|\n|rule|HP Percentage Mod: HP is shown in percentages\n|rule|Endless Battle Clause: Forcing endless battles is banned\n|rule|Species Clause: Limit one of each Pok├®mon\n|rule|OHKO Clause: OHKO moves are banned\n|rule|Evasion Items Clause: Evasion items are banned\n|rule|Evasion Moves Clause: Evasion moves are banned\n|rule|Evasion Abilities Clause: Evasion abilities are banned\n|rule|Sleep Moves Clause: Sleep-inducing moves are banned\n|clearpoke\n|poke|p1|Gholdengo|\n|poke|p1|Kingambit, M|\n|poke|p1|Darkrai|\n|poke|p1|Greninja-*, M|\n|poke|p1|Garchomp, M|\n|poke|p1|Skarmory, M|\n|poke|p2|Ceruledge, F|\n|poke|p2|Greninja-*, M|\n|poke|p2|Dragonite, F|\n|poke|p2|Lucario, F|\n|poke|p2|Ogerpon-Wellspring, F|\n|poke|p2|Blaziken, M|\n|teampreview\n|\n|t:|1783808399\n|teamsize|p1|6\n|teamsize|p2|6\n|start\n|switch|p1a: Renshu|Greninja, M|100/100\n|switch|p2a: Ogerpon|Ogerpon-Wellspring, F|100/100\n|turn|1\n|\n|t:|1783808407\n|-terastallize|p2a: Ogerpon|Water\n|detailschange|p2a: Ogerpon|Ogerpon-Wellspring-Tera, F, tera:Water\n|-ability|p2a: Ogerpon|Embody Aspect (Wellspring)|boost\n|-boost|p2a: Ogerpon|spd|1\n|move|p2a: Ogerpon|Horn Leech|p1a: Renshu\n|-supereffective|p1a: Renshu\n|-damage|p1a: Renshu|0 fnt\n|faint|p1a: Renshu\n|\n|upkeep\n|inactive|Battle timer is ON: inactive players will automatically lose when time's up. (requested by Cdgyhyfe2.0)\n|\n|t:|1783808423\n|switch|p1a: Greed|Gholdengo, shiny|100/100\n|turn|2\n|\n|t:|1783808435\n|move|p2a: Ogerpon|Swords Dance|p2a: Ogerpon\n|-boost|p2a: Ogerpon|atk|2\n|move|p1a: Greed|Nasty Plot|p1a: Greed\n|-boost|p1a: Greed|spa|2\n|\n|upkeep\n|turn|3\n|\n|t:|1783808442\n|move|p2a: Ogerpon|Ivy Cudgel|p1a: Greed|[anim] Ivy Cudgel Water\n|-damage|p1a: Greed|0 fnt\n|faint|p1a: Greed\n|\n|upkeep\n|\n|t:|1783808450\n|switch|p1a: Satella|Darkrai|100/100\n|turn|4\n|\n|t:|1783808454\n|move|p1a: Satella|Thunder|p2a: Ogerpon\n|-supereffective|p2a: Ogerpon\n|-damage|p2a: Ogerpon|25/100\n|-status|p2a: Ogerpon|par\n|-damage|p1a: Satella|91/100|[from] item: Life Orb\n|move|p2a: Ogerpon|Horn Leech|p1a: Satella\n|-damage|p1a: Satella|0 fnt\n|-heal|p2a: Ogerpon|68/100 par|[from] drain|[of] p1a: Satella\n|faint|p1a: Satella\n|\n|upkeep\n|\n|t:|1783808463\n|switch|p1a: Met|Skarmory, M, shiny|100/100\n|turn|5\n|\n|t:|1783808468\n|-terastallize|p1a: Met|Fairy\n|move|p1a: Met|Iron Defense|p1a: Met\n|-boost|p1a: Met|def|2\n|move|p2a: Ogerpon|Ivy Cudgel|p1a: Met|[anim] Ivy Cudgel Water\n|-damage|p1a: Met|40/100\n|\n|upkeep\n|turn|6\n|\n|t:|1783808477\n|move|p1a: Met|Roost|p1a: Met\n|-heal|p1a: Met|90/100\n|move|p2a: Ogerpon|Ivy Cudgel|p1a: Met|[anim] Ivy Cudgel Water\n|-damage|p1a: Met|25/100\n|\n|upkeep\n|turn|7\n|\n|t:|1783808484\n|move|p1a: Met|Body Press|p2a: Ogerpon\n|-damage|p2a: Ogerpon|8/100 par\n|cant|p2a: Ogerpon|par\n|\n|upkeep\n|turn|8\n|\n|t:|1783808491\n|move|p1a: Met|Body Press|p2a: Ogerpon\n|-damage|p2a: Ogerpon|0 fnt\n|faint|p2a: Ogerpon\n|detailschange|p2: Ogerpon|Ogerpon-Wellspring, F|[silent]\n|\n|upkeep\n|\n|t:|1783808497\n|switch|p2a: Greninja|Greninja, M|100/100\n|turn|9\n|\n|t:|1783808502\n|move|p1a: Met|Protect|p1a: Met\n|-singleturn|p1a: Met|Protect\n|move|p2a: Greninja|Sludge Wave|p1a: Met\n|-activate|p1a: Met|move: Protect\n|\n|upkeep\n|turn|10\n|\n|t:|1783808513\n|switch|p1a: King|Kingambit, M|100/100\n|-activate|p1a: King|ability: Supreme Overlord\n|-start|p1a: King|fallen3|[silent]\n|move|p2a: Greninja|Sludge Wave|p1a: King\n|-immune|p1a: King\n|\n|upkeep\n|turn|11\n|\n|t:|1783808521\n|move|p2a: Greninja|Hydro Pump|p1a: King\n|-damage|p1a: King|46/100\n|move|p1a: King|Swords Dance|p1a: King\n|-boost|p1a: King|atk|2\n|\n|-heal|p1a: King|52/100|[from] item: Leftovers\n|upkeep\n|turn|12\n|\n|t:|1783808530\n|move|p1a: King|Sucker Punch|p2a: Greninja\n|-resisted|p2a: Greninja\n|-damage|p2a: Greninja|6/100\n|move|p2a: Greninja|Hydro Pump|p1a: King\n|-damage|p1a: King|0 fnt\n|faint|p1a: King\n|-end|p1a: King|fallen3|[silent]\n|-ability|p2a: Greninja|Battle Bond|boost\n|-boost|p2a: Greninja|atk|1\n|-boost|p2a: Greninja|spa|1\n|-boost|p2a: Greninja|spe|1\n|-activate|p2a: Greninja|ability: Battle Bond\n|\n|upkeep\n|\n|t:|1783808544\n|switch|p1a: Jet|Garchomp, M, shiny|100/100\n|turn|13\n|\n|t:|1783808549\n|move|p2a: Greninja|Ice Beam|p1a: Jet\n|-supereffective|p1a: Jet\n|-damage|p1a: Jet|0 fnt\n|faint|p1a: Jet\n|\n|upkeep\n|\n|t:|1783808552\n|switch|p1a: Met|Skarmory, M, shiny, tera:Fairy|25/100\n|turn|14\n|\n|t:|1783808557\n|move|p1a: Met|Protect|p1a: Met\n|-singleturn|p1a: Met|Protect\n|move|p2a: Greninja|Sludge Wave|p1a: Met\n|-activate|p1a: Met|move: Protect\n|\n|upkeep\n|turn|15\n|c|ŌśåCdgyhyfe2.0|Bum kis\n|c|ŌśåCdgyhyfe2.0|hope your happy ogerslop\n|inactive|Cdgyhyfe2.0 has 120 seconds left.\n|c|Ōśåoseimak000|Call me dad I'm a winner I want this campi\n|inactive|Cdgyhyfe2.0 has 90 seconds left.\n|c|Ōśåoseimak000|I won the championship and I'm going to win more you're dude\n|c|Ōśåoseimak000|I meant don't call me that\n|inactive|Cdgyhyfe2.0 has 60 seconds left.\n|c|ŌśåCdgyhyfe2.0|Idc you are a trash Ogerpon user\n|c|ŌśåCdgyhyfe2.0|Slop op garbage\n|c|Ōśåoseimak000|Says the one who's losing\n|c|ŌśåCdgyhyfe2.0|Bc of your trash deck bum ass kid\n|inactive|Cdgyhyfe2.0 has 30 seconds left.\n|inactive|Cdgyhyfe2.0 has 20 seconds left.\n|inactive|Cdgyhyfe2.0 has 15 seconds left.\n|c|ŌśåCdgyhyfe2.0|your 8 years old\n|c|ŌśåCdgyhyfe2.0|bye bum\n|inactive|Cdgyhyfe2.0 has 10 seconds left.\n|inactive|Cdgyhyfe2.0 has 5 seconds left.\n|-message|Cdgyhyfe2.0 lost due to inactivity.\n|\n|win|oseimak000\n", "uploadtime": 1783808676, "views": 7, "formatid": "gen9ou", "rating": null, "private": 0, "password": null}