{"id": "gen9ou-2540627182", "format": "[Gen 9] OU", "players": ["firecharmander004", "Gastrodon Jones"], "log": "|j|☆firecharmander004\n|j|☆Gastrodon Jones\n|t:|1771229986\n|gametype|singles\n|player|p1|firecharmander004|170|1644\n|player|p2|Gastrodon Jones|169|1533\n|gen|9\n|tier|[Gen 9] OU\n|rated|\n|rule|HP Percentage Mod: HP is shown in percentages\n|rule|Endless Battle Clause: Forcing endless battles is banned\n|rule|Species Clause: Limit one of each Pokémon\n|rule|OHKO Clause: OHKO moves are banned\n|rule|Evasion Items Clause: Evasion items are banned\n|rule|Evasion Moves Clause: Evasion moves are banned\n|rule|Evasion Abilities Clause: Evasion abilities are banned\n|rule|Sleep Moves Clause: Sleep-inducing moves are banned\n|clearpoke\n|poke|p1|Deoxys-Speed|\n|poke|p1|Ceruledge, F|\n|poke|p1|Zamazenta-*|\n|poke|p1|Ogerpon-Wellspring, F|\n|poke|p1|Glimmora, F|\n|poke|p1|Moltres-Galar|\n|poke|p2|Gardevoir, M|\n|poke|p2|Ursaluna, F|\n|poke|p2|Rhyperior, F|\n|poke|p2|Cresselia, F|\n|poke|p2|Mudsdale, M|\n|poke|p2|Hatterene, F|\n|teampreview\n|inactive|Battle timer is ON: inactive players will automatically lose when time's up. (requested by firecharmander004)\n|\n|t:|1771229993\n|teamsize|p1|6\n|teamsize|p2|6\n|start\n|switch|p1a: Deoxys|Deoxys-Speed|100/100\n|switch|p2a: Hatterene|Hatterene, F|100/100\n|-ability|p1a: Deoxys|Pressure\n|turn|1\n|\n|t:|1771230001\n|move|p1a: Deoxys|Reflect|p1a: Deoxys\n|-sidestart|p1: firecharmander004|Reflect\n|move|p2a: Hatterene|Trick Room|p2a: Hatterene\n|-fieldstart|move: Trick Room|[of] p2a: Hatterene\n|\n|upkeep\n|turn|2\n|\n|t:|1771230007\n|move|p2a: Hatterene|Gravity|p2a: Hatterene\n|-fieldstart|move: Gravity\n|move|p1a: Deoxys|Light Screen|p1a: Deoxys\n|-sidestart|p1: firecharmander004|move: Light Screen\n|\n|upkeep\n|turn|3\n|\n|t:|1771230036\n|switch|p1a: Ogerpon|Ogerpon-Wellspring, F|100/100\n|move|p2a: Hatterene|Psychic Noise|p1a: Ogerpon\n|-damage|p1a: Ogerpon|80/100\n|-start|p1a: Ogerpon|move: Heal Block\n|\n|upkeep\n|turn|4\n|\n|t:|1771230044\n|move|p2a: Hatterene|Psychic Noise|p1a: Ogerpon\n|-damage|p1a: Ogerpon|59/100\n|move|p1a: Ogerpon|Ivy Cudgel|p2a: Hatterene|[anim] Ivy Cudgel Water\n|-damage|p2a: Hatterene|47/100\n|\n|-end|p1a: Ogerpon|move: Heal Block\n|upkeep\n|turn|5\n|\n|t:|1771230058\n|switch|p2a: Cresselia|Cresselia, F|100/100\n|move|p1a: Ogerpon|Swords Dance|p1a: Ogerpon\n|-boost|p1a: Ogerpon|atk|2\n|\n|-fieldend|move: Trick Room\n|upkeep\n|turn|6\n|\n|t:|1771230067\n|-terastallize|p1a: Ogerpon|Water\n|detailschange|p1a: Ogerpon|Ogerpon-Wellspring-Tera, F, tera:Water\n|-ability|p1a: Ogerpon|Embody Aspect (Wellspring)|boost\n|-boost|p1a: Ogerpon|spd|1\n|move|p1a: Ogerpon|Ivy Cudgel|p2a: Cresselia|[anim] Ivy Cudgel Water\n|-damage|p2a: Cresselia|0 fnt\n|faint|p2a: Cresselia\n|\n|-fieldend|move: Gravity\n|upkeep\n|-message|Gastrodon Jones forfeited.\n|\n|win|firecharmander004\n|raw|firecharmander004's rating: 1619 &rarr; <strong>1634</strong><br />(+15 for winning)\n|raw|Gastrodon Jones's rating: 1533 &rarr; <strong>1518</strong><br />(-15 for losing)\n|l|☆Gastrodon Jones\n|player|p2|\n", "uploadtime": 1771230272, "views": 8, "formatid": "gen9ou", "rating": 1518, "private": 0, "password": null}