{"id": "gen9ou-2647692588", "format": "[Gen 9] OU", "players": ["Smash BrOUs", "qeclipse_"], "log": "|j|☆Smash BrOUs\n|j|☆qeclipse_\n|t:|1783797179\n|gametype|singles\n|player|p1|Smash BrOUs|wallace|1215\n|player|p2|qeclipse_|266|1219\n|gen|9\n|tier|[Gen 9] OU\n|rated|\n|rule|HP Percentage Mod: HP is shown in percentages\n|rule|Endless Battle Clause: Forcing endless battles is banned\n|rule|Species Clause: Limit one of each Pokémon\n|rule|OHKO Clause: OHKO moves are banned\n|rule|Evasion Items Clause: Evasion items are banned\n|rule|Evasion Moves Clause: Evasion moves are banned\n|rule|Evasion Abilities Clause: Evasion abilities are banned\n|rule|Sleep Moves Clause: Sleep-inducing moves are banned\n|clearpoke\n|poke|p1|Torterra, M|\n|poke|p1|Polteageist|\n|poke|p1|Cloyster, M|\n|poke|p1|Minior-Green|\n|poke|p1|Blastoise, M|\n|poke|p1|Drednaw, F|\n|poke|p2|Kingambit, M|\n|poke|p2|Greninja-*, M|\n|poke|p2|Great Tusk|\n|poke|p2|Iron Valiant|\n|poke|p2|Corviknight, M|\n|poke|p2|Clodsire, M|\n|teampreview\n|inactive|Battle timer is ON: inactive players will automatically lose when time's up. (requested by Smash BrOUs)\n|inactive|Smash BrOUs has 120 seconds left.\n|\n|t:|1783797217\n|teamsize|p1|6\n|teamsize|p2|6\n|start\n|switch|p1a: Wii Fit Trainer|Minior-Green|100/100\n|switch|p2a: Clodsire|Clodsire, M, shiny|100/100\n|-formechange|p1a: Wii Fit Trainer|Minior-Meteor||[from] ability: Shields Down\n|turn|1\n|\n|t:|1783797241\n|move|p1a: Wii Fit Trainer|Earthquake|p2a: Clodsire\n|-supereffective|p2a: Clodsire\n|-damage|p2a: Clodsire|53/100\n|move|p2a: Clodsire|Stealth Rock|p1a: Wii Fit Trainer\n|-sidestart|p1: Smash BrOUs|move: Stealth Rock\n|\n|-heal|p2a: Clodsire|59/100|[from] item: Leftovers\n|upkeep\n|turn|2\n|\n|t:|1783797257\n|switch|p2a: Corviknight|Corviknight, M, shiny|100/100\n|-ability|p2a: Corviknight|Pressure\n|move|p1a: Wii Fit Trainer|Shell Smash|p1a: Wii Fit Trainer\n|-unboost|p1a: Wii Fit Trainer|def|1\n|-unboost|p1a: Wii Fit Trainer|spd|1\n|-boost|p1a: Wii Fit Trainer|atk|2\n|-boost|p1a: Wii Fit Trainer|spa|2\n|-boost|p1a: Wii Fit Trainer|spe|2\n|\n|upkeep\n|turn|3\n|\n|t:|1783797272\n|move|p1a: Wii Fit Trainer|Power Gem|p2a: Corviknight\n|-damage|p2a: Corviknight|47/100\n|move|p2a: Corviknight|Defog|p1a: Wii Fit Trainer\n|-unboost|p1a: Wii Fit Trainer|evasion|1\n|-sideend|p1: Smash BrOUs|Stealth Rock|[from] move: Defog|[of] p2a: Corviknight\n|\n|-heal|p2a: Corviknight|53/100|[from] item: Leftovers\n|upkeep\n|turn|4\n|c|☆Smash BrOUs|?\n|c|☆Smash BrOUs|Thanks?\n|c|☆qeclipse_|miss click\n|inactive|qeclipse_ has 120 seconds left.\n|\n|t:|1783797293\n|move|p1a: Wii Fit Trainer|Power Gem|p2a: Corviknight\n|-damage|p2a: Corviknight|0 fnt\n|faint|p2a: Corviknight\n|\n|upkeep\n|\n|t:|1783797298\n|switch|p2a: Greninja|Greninja, M, shiny|100/100\n|turn|5\n|inactive|qeclipse_ has 120 seconds left.\n|\n|t:|1783797311\n|move|p2a: Greninja|Grass Knot|p1a: Wii Fit Trainer\n|-start|p2a: Greninja|typechange|Grass|[from] ability: Protean\n|-damage|p1a: Wii Fit Trainer|20/100\n|move|p1a: Wii Fit Trainer|Dazzling Gleam|p2a: Greninja\n|-damage|p2a: Greninja|37/100\n|\n|-formechange|p1a: Wii Fit Trainer|Minior-Green||[from] ability: Shields Down\n|upkeep\n|turn|6\n|inactive|qeclipse_ has 120 seconds left.\n|\n|t:|1783797320\n|move|p1a: Wii Fit Trainer|Power Gem|p2a: Greninja\n|-crit|p2a: Greninja\n|-damage|p2a: Greninja|0 fnt\n|faint|p2a: Greninja\n|\n|upkeep\n|-message|qeclipse_ forfeited.\n|\n|win|Smash BrOUs\n|raw|Smash BrOUs's rating: 1215 &rarr; <strong>1240</strong><br />(+25 for winning)\n|raw|qeclipse_'s rating: 1219 &rarr; <strong>1194</strong><br />(-25 for losing)\n|l|☆qeclipse_\n|player|p2|\n|l|☆Smash BrOUs\n|player|p1|\n", "uploadtime": 1783797614, "views": 8, "formatid": "gen9ou", "rating": 1194, "private": 0, "password": null}