{"id": "gen9ou-2639252437", "format": "[Gen 9] OU", "players": ["spauty18", "HYTT_ttttд»ЈеҸ·дёӯ"], "log": "|j|вҳҶspauty18\n|j|вҳҶHYTT_ttttд»ЈеҸ·дёӯ\n|t:|1782440768\n|gametype|singles\n|player|p1|spauty18|102|1169\n|player|p2|HYTT_ttttд»ЈеҸ·дёӯ|rosa-pokestar2|1192\n|gen|9\n|tier|[Gen 9] OU\n|rated|\n|rule|HP Percentage Mod: HP is shown in percentages\n|rule|Endless Battle Clause: Forcing endless battles is banned\n|rule|Species Clause: Limit one of each PokГ©mon\n|rule|OHKO Clause: OHKO moves are banned\n|rule|Evasion Items Clause: Evasion items are banned\n|rule|Evasion Moves Clause: Evasion moves are banned\n|rule|Evasion Abilities Clause: Evasion abilities are banned\n|rule|Sleep Moves Clause: Sleep-inducing moves are banned\n|clearpoke\n|poke|p1|Umbreon, F|\n|poke|p1|Manaphy|\n|poke|p1|Great Tusk|\n|poke|p1|Garganacl, F|\n|poke|p1|Alomomola, M|\n|poke|p1|Kingambit, M|\n|poke|p2|Hippowdon, M|\n|poke|p2|Garganacl, F|\n|poke|p2|Reuniclus, F|\n|poke|p2|Corviknight, F|\n|poke|p2|Gliscor, M|\n|poke|p2|Alomomola, F|\n|teampreview\n|inactive|Battle timer is ON: inactive players will automatically lose when time's up. (requested by spauty18)\n|\n|t:|1782440779\n|teamsize|p1|6\n|teamsize|p2|6\n|start\n|switch|p1a: Great Tusk|Great Tusk|100/100\n|switch|p2a: йҳҝдёү|Hippowdon, M|100/100\n|-weather|Sandstorm|[from] ability: Sand Stream|[of] p2a: йҳҝдёү\n|-enditem|p1a: Great Tusk|Booster Energy\n|-activate|p1a: Great Tusk|ability: Protosynthesis|[fromitem]\n|-start|p1a: Great Tusk|protosynthesisatk\n|turn|1\n|\n|t:|1782440789\n|switch|p2a: еңҹзҢ«|Gliscor, M|100/100\n|move|p1a: Great Tusk|Knock Off|p2a: еңҹзҢ«\n|-damage|p2a: еңҹзҢ«|65/100\n|-enditem|p2a: еңҹзҢ«|Toxic Orb|[from] move: Knock Off|[of] p1a: Great Tusk\n|\n|-weather|Sandstorm|[upkeep]\n|upkeep\n|turn|2\n|inactive|HYTT_ttttд»ЈеҸ·дёӯ has 120 seconds left.\n|\n|t:|1782440832\n|move|p2a: еңҹзҢ«|Toxic|p1a: Great Tusk\n|-status|p1a: Great Tusk|tox\n|move|p1a: Great Tusk|Roar|p2a: еңҹзҢ«\n|drag|p2a: й»‘еҶ°|Alomomola, F|100/100\n|\n|-weather|Sandstorm|[upkeep]\n|-damage|p2a: й»‘еҶ°|94/100|[from] Sandstorm\n|-damage|p1a: Great Tusk|94/100 tox|[from] psn\n|upkeep\n|turn|3\n|\n|t:|1782440842\n|move|p1a: Great Tusk|Knock Off|p2a: й»‘еҶ°\n|-crit|p2a: й»‘еҶ°\n|-damage|p2a: й»‘еҶ°|52/100\n|-enditem|p2a: й»‘еҶ°|Assault Vest|[from] move: Knock Off|[of] p1a: Great Tusk\n|move|p2a: й»‘еҶ°|Scald|p1a: Great Tusk\n|-supereffective|p1a: Great Tusk\n|-damage|p1a: Great Tusk|49/100 tox\n|\n|-weather|Sandstorm|[upkeep]\n|-damage|p2a: й»‘еҶ°|46/100|[from] Sandstorm\n|-damage|p1a: Great Tusk|37/100 tox|[from] psn\n|upkeep\n|turn|4\n|inactive|HYTT_ttttд»ЈеҸ·дёӯ has 120 seconds left.\n|\n|t:|1782440854\n|switch|p2a: йёҹдәә|Corviknight, F|100/100\n|-ability|p2a: йёҹдәә|Pressure\n|move|p1a: Great Tusk|Earthquake|p2a: йёҹдәә\n|-immune|p2a: йёҹдәә\n|\n|-weather|Sandstorm|[upkeep]\n|-damage|p1a: Great Tusk|18/100 tox|[from] psn\n|upkeep\n|turn|5\n|inactive|HYTT_ttttд»ЈеҸ·дёӯ has 120 seconds left.\n|\n|t:|1782440870\n|move|p1a: Great Tusk|Knock Off|p2a: йёҹдәә\n|-damage|p2a: йёҹдәә|76/100\n|-damage|p1a: Great Tusk|2/100 tox|[from] item: Rocky Helmet|[of] p2a: йёҹдәә\n|-enditem|p2a: йёҹдәә|Rocky Helmet|[from] move: Knock Off|[of] p1a: Great Tusk\n|move|p2a: йёҹдәә|U-turn|p1a: Great Tusk\n|-resisted|p1a: Great Tusk\n|-damage|p1a: Great Tusk|0 fnt\n|faint|p1a: Great Tusk\n|-end|p1a: Great Tusk|Protosynthesis|[silent]\n|\n|t:|1782440881\n|switch|p2a: koko|Reuniclus, F|100/100|[from] U-turn\n|\n|-weather|none\n|upkeep\n|\n|t:|1782440887\n|switch|p1a: Umbreon|Umbreon, F|100/100\n|turn|6\n|\n|t:|1782440891\n|-terastallize|p2a: koko|Fighting\n|move|p1a: Umbreon|Foul Play|p2a: koko\n|-resisted|p2a: koko\n|-damage|p2a: koko|93/100\n|-damage|p1a: Umbreon|84/100|[from] item: Rocky Helmet|[of] p2a: koko\n|move|p2a: koko|Calm Mind|p2a: koko\n|-boost|p2a: koko|spa|1\n|-boost|p2a: koko|spd|1\n|\n|-heal|p1a: Umbreon|90/100|[from] item: Leftovers\n|upkeep\n|turn|7\n|\n|t:|1782440903\n|move|p1a: Umbreon|Toxic|p2a: koko\n|-status|p2a: koko|tox\n|move|p2a: koko|Calm Mind|p2a: koko\n|-boost|p2a: koko|spa|1\n|-boost|p2a: koko|spd|1\n|\n|-heal|p1a: Umbreon|96/100|[from] item: Leftovers\n|upkeep\n|turn|8\n|\n|t:|1782440912\n|switch|p1a: Garganacl|Garganacl, F|100/100\n|move|p2a: koko|Calm Mind|p2a: koko\n|-boost|p2a: koko|spa|1\n|-boost|p2a: koko|spd|1\n|\n|upkeep\n|turn|9\n|\n|t:|1782440919\n|move|p2a: koko|Focus Blast|p1a: Garganacl\n|-supereffective|p1a: Garganacl\n|-damage|p1a: Garganacl|0 fnt\n|faint|p1a: Garganacl\n|\n|upkeep\n|\n|t:|1782440936\n|switch|p1a: Manaphy|Manaphy|100/100\n|turn|10\n|\n|t:|1782440939\n|move|p1a: Manaphy|Take Heart|p1a: Manaphy\n|-boost|p1a: Manaphy|spa|1\n|-boost|p1a: Manaphy|spd|1\n|move|p2a: koko|Psyshock|p1a: Manaphy\n|-damage|p1a: Manaphy|15/100\n|\n|-heal|p1a: Manaphy|21/100|[from] item: Leftovers\n|upkeep\n|turn|11\n|\n|t:|1782440950\n|move|p1a: Manaphy|Surf|p2a: koko\n|-damage|p2a: koko|71/100 tox\n|move|p2a: koko|Psyshock|p1a: Manaphy\n|-damage|p1a: Manaphy|0 fnt\n|faint|p1a: Manaphy\n|\n|upkeep\n|\n|t:|1782440959\n|switch|p1a: Kingambit|Kingambit, M|100/100\n|-activate|p1a: Kingambit|ability: Supreme Overlord\n|-start|p1a: Kingambit|fallen3|[silent]\n|turn|12\n|\n|t:|1782440968\n|move|p1a: Kingambit|Iron Head|p2a: koko\n|-damage|p2a: koko|14/100 tox\n|-damage|p1a: Kingambit|84/100|[from] item: Rocky Helmet|[of] p2a: koko\n|-damage|p1a: Kingambit|74/100|[from] item: Life Orb\n|move|p2a: koko|Recover|p2a: koko\n|-heal|p2a: koko|64/100 tox\n|\n|upkeep\n|turn|13\n|\n|t:|1782440992\n|move|p1a: Kingambit|Iron Head|p2a: koko\n|-damage|p2a: koko|15/100 tox\n|-damage|p1a: Kingambit|58/100|[from] item: Rocky Helmet|[of] p2a: koko\n|-damage|p1a: Kingambit|48/100|[from] item: Life Orb\n|move|p2a: koko|Focus Blast|p1a: Kingambit\n|-supereffective|p1a: Kingambit\n|-damage|p1a: Kingambit|0 fnt\n|faint|p1a: Kingambit\n|-end|p1a: Kingambit|fallen3|[silent]\n|\n|upkeep\n|\n|t:|1782441003\n|switch|p1a: Pink Fish|Alomomola, M|100/100\n|turn|14\n|\n|t:|1782441006\n|move|p1a: Pink Fish|Flip Turn|p2a: koko\n|-damage|p2a: koko|3/100 tox\n|-damage|p1a: Pink Fish|84/100|[from] item: Rocky Helmet|[of] p2a: koko\n|\n|t:|1782441010\n|switch|p1a: Umbreon|Umbreon, F|96/100|[from] Flip Turn\n|move|p2a: koko|Recover|p2a: koko\n|-heal|p2a: koko|53/100 tox\n|\n|-heal|p1a: Umbreon|100/100|[from] item: Leftovers\n|upkeep\n|turn|15\n|-message|spauty18 forfeited.\n|\n|win|HYTT_ttttд»ЈеҸ·дёӯ\n|raw|spauty18's rating: 1169 &rarr; <strong>1146</strong><br />(-23 for losing)\n|raw|HYTT_ttttд»ЈеҸ·дёӯ's rating: 1192 &rarr; <strong>1215</strong><br />(+23 for winning)\n|l|вҳҶspauty18\n|player|p1|\n", "uploadtime": 1782441020, "views": 12, "formatid": "gen9ou", "rating": 1146, "private": 0, "password": null}