{"id": "gen9ou-2647685627", "format": "[Gen 9] OU", "players": ["Yeshayah2x", "PraiseLokix"], "log": "|j|☆Yeshayah2x\n|j|☆PraiseLokix\n|t:|1783796113\n|gametype|singles\n|player|p1|Yeshayah2x|1|1239\n|player|p2|PraiseLokix|archer|1291\n|gen|9\n|tier|[Gen 9] OU\n|rated|\n|rule|HP Percentage Mod: HP is shown in percentages\n|rule|Endless Battle Clause: Forcing endless battles is banned\n|rule|Species Clause: Limit one of each Pokémon\n|rule|OHKO Clause: OHKO moves are banned\n|rule|Evasion Items Clause: Evasion items are banned\n|rule|Evasion Moves Clause: Evasion moves are banned\n|rule|Evasion Abilities Clause: Evasion abilities are banned\n|rule|Sleep Moves Clause: Sleep-inducing moves are banned\n|clearpoke\n|poke|p1|Krookodile, F|\n|poke|p1|Cinderace, F|\n|poke|p1|Iron Valiant|\n|poke|p1|Chandelure, F|\n|poke|p1|Hariyama, F|\n|poke|p1|Goodra, M|\n|poke|p2|Toucannon, F|\n|poke|p2|Dragonite, F|\n|poke|p2|Zamazenta-*|\n|poke|p2|Iron Treads|\n|poke|p2|Zapdos|\n|poke|p2|Primarina, M|\n|teampreview\n|inactive|Battle timer is ON: inactive players will automatically lose when time's up. (requested by PraiseLokix)\n|\n|t:|1783796140\n|teamsize|p1|6\n|teamsize|p2|6\n|start\n|switch|p1a: Goodra|Goodra, M|100/100\n|switch|p2a: Fraud|Toucannon, F|100/100\n|turn|1\n|inactive|PraiseLokix has 120 seconds left.\n|\n|t:|1783796182\n|move|p1a: Goodra|Ice Beam|p2a: Fraud\n|-supereffective|p2a: Fraud\n|-damage|p2a: Fraud|53/100\n|move|p2a: Fraud|Knock Off|p1a: Goodra\n|-damage|p1a: Goodra|49/100\n|-ability|p1a: Goodra|Gooey\n|-unboost|p2a: Fraud|spe|1\n|-enditem|p1a: Goodra|Heat Rock|[from] move: Knock Off|[of] p2a: Fraud\n|\n|upkeep\n|turn|2\n|\n|t:|1783796192\n|switch|p2a: Grand Larceny|Primarina, M|100/100\n|move|p1a: Goodra|Sunny Day|p1a: Goodra\n|-weather|SunnyDay\n|\n|-weather|SunnyDay|[upkeep]\n|upkeep\n|turn|3\n|inactive|PraiseLokix has 120 seconds left.\n|\n|t:|1783796212\n|switch|p1a: Chandelure|Chandelure, F|100/100\n|move|p2a: Grand Larceny|Flip Turn|p1a: Chandelure\n|-supereffective|p1a: Chandelure\n|-damage|p1a: Chandelure|81/100\n|inactive|PraiseLokix has 120 seconds left.\n|inactive|PraiseLokix has 90 seconds left.\n|\n|t:|1783796255\n|switch|p2a: Extortion|Dragonite, F|100/100|[from] Flip Turn\n|\n|-weather|SunnyDay|[upkeep]\n|upkeep\n|turn|4\n|\n|t:|1783796268\n|move|p1a: Chandelure|Shadow Ball|p2a: Extortion\n|-damage|p2a: Extortion|77/100\n|move|p2a: Extortion|Dragon Dance|p2a: Extortion\n|-boost|p2a: Extortion|atk|1\n|-boost|p2a: Extortion|spe|1\n|\n|-weather|SunnyDay|[upkeep]\n|upkeep\n|turn|5\n|inactive|PraiseLokix has 90 seconds left.\n|inactive|Yeshayah2x has 120 seconds left.\n|inactive|Yeshayah2x has 90 seconds left.\n|l|☆Yeshayah2x\n|inactive|Yeshayah2x disconnected and has a minute to reconnect!\n|player|p1|\n|inactive|Yeshayah2x has 30 seconds to reconnect!\n|inactive|Yeshayah2x has 20 seconds to reconnect!\n|inactive|Yeshayah2x has 15 seconds to reconnect!\n|inactive|Yeshayah2x has 10 seconds to reconnect!\n|inactive|Yeshayah2x has 5 seconds to reconnect!\n|-message|Yeshayah2x lost due to inactivity.\n|\n|win|PraiseLokix\n|raw|Yeshayah2x's rating: 1239 &rarr; <strong>1218</strong><br />(-21 for losing)\n|raw|PraiseLokix's rating: 1291 &rarr; <strong>1312</strong><br />(+21 for winning)\n|l|☆PraiseLokix\n|player|p2|\n", "uploadtime": 1783796796, "views": 6, "formatid": "gen9ou", "rating": 1218, "private": 0, "password": null}