{"id": "gen9ou-2647714140", "format": "[Gen 9] OU", "players": ["silvernt", "icewizardlairŌśā"], "log": "|j|Ōśåsilvernt\n|j|ŌśåicewizardlairŌśā\n|t:|1783800484\n|gametype|singles\n|player|p1|silvernt|colress|1313\n|player|p2|icewizardlairŌśā|lorelei-lgpe|1350\n|gen|9\n|tier|[Gen 9] OU\n|rated|\n|rule|HP Percentage Mod: HP is shown in percentages\n|rule|Endless Battle Clause: Forcing endless battles is banned\n|rule|Species Clause: Limit one of each Pok├®mon\n|rule|OHKO Clause: OHKO moves are banned\n|rule|Evasion Items Clause: Evasion items are banned\n|rule|Evasion Moves Clause: Evasion moves are banned\n|rule|Evasion Abilities Clause: Evasion abilities are banned\n|rule|Sleep Moves Clause: Sleep-inducing moves are banned\n|clearpoke\n|poke|p1|Ting-Lu|\n|poke|p1|Corviknight, M|\n|poke|p1|Darkrai|\n|poke|p1|Cinderace, F|\n|poke|p1|Kyurem|\n|poke|p1|Slowking-Galar, F|\n|poke|p2|Froslass, F|\n|poke|p2|Arcanine-Hisui, M|\n|poke|p2|Yanmega, F|\n|poke|p2|Cetitan, M|\n|poke|p2|Azumarill, M|\n|poke|p2|Electrode-Hisui|\n|teampreview\n|inactive|Battle timer is ON: inactive players will automatically lose when time's up. (requested by icewizardlairŌśā)\n|inactive|silvernt has 120 seconds left.\n|\n|t:|1783800519\n|teamsize|p1|6\n|teamsize|p2|6\n|start\n|switch|p1a: Goodnight and Go|Darkrai|100/100\n|switch|p2a: Dr. Cool|Cetitan, M|100/100\n|turn|1\n|\n|t:|1783800529\n|move|p1a: Goodnight and Go|Trick|p2a: Dr. Cool\n|-activate|p1a: Goodnight and Go|move: Trick|[of] p2a: Dr. Cool\n|-item|p2a: Dr. Cool|Choice Scarf|[from] move: Trick\n|-item|p1a: Goodnight and Go|Loaded Dice|[from] move: Trick\n|move|p2a: Dr. Cool|Icicle Spear|p1a: Goodnight and Go\n|-damage|p1a: Goodnight and Go|82/100\n|-damage|p1a: Goodnight and Go|65/100\n|-damage|p1a: Goodnight and Go|46/100\n|-damage|p1a: Goodnight and Go|28/100\n|-hitcount|p1a: Goodnight and Go|4\n|\n|upkeep\n|turn|2\n|\n|t:|1783800543\n|switch|p1a: Daylight Robbery|Cinderace, F|100/100\n|switch|p2a: BMO|Azumarill, M|100/100\n|\n|upkeep\n|turn|3\n|\n|t:|1783800547\n|move|p2a: BMO|Aqua Jet|p1a: Daylight Robbery\n|-supereffective|p1a: Daylight Robbery\n|-damage|p1a: Daylight Robbery|38/100\n|move|p1a: Daylight Robbery|Will-O-Wisp|p2a: BMO\n|-status|p2a: BMO|brn\n|\n|-damage|p2a: BMO|94/100 brn|[from] brn\n|upkeep\n|turn|4\n|\n|t:|1783800556\n|switch|p1a: Clear the Area|Corviknight, M|100/100\n|-ability|p1a: Clear the Area|Pressure\n|move|p2a: BMO|Aqua Jet|p1a: Clear the Area\n|-damage|p1a: Clear the Area|93/100\n|-damage|p2a: BMO|78/100 brn|[from] item: Rocky Helmet|[of] p1a: Clear the Area\n|\n|-damage|p2a: BMO|72/100 brn|[from] brn\n|upkeep\n|turn|5\n|\n|t:|1783800562\n|switch|p2a: Arcannon|Arcanine-Hisui, M, shiny|100/100\n|-item|p2a: Arcannon|Air Balloon\n|move|p1a: Clear the Area|U-turn|p2a: Arcannon\n|-resisted|p2a: Arcannon\n|-crit|p2a: Arcannon\n|-damage|p2a: Arcannon|88/100\n|-enditem|p2a: Arcannon|Air Balloon\n|\n|t:|1783800567\n|switch|p1a: Headlock|Ting-Lu|100/100|[from] U-turn\n|-ability|p1a: Headlock|Vessel of Ruin\n|\n|upkeep\n|turn|6\n|\n|t:|1783800572\n|move|p2a: Arcannon|Close Combat|p1a: Headlock\n|-supereffective|p1a: Headlock\n|-damage|p1a: Headlock|59/100\n|-unboost|p2a: Arcannon|def|1\n|-unboost|p2a: Arcannon|spd|1\n|move|p1a: Headlock|Stealth Rock|p2a: Arcannon\n|-sidestart|p2: icewizardlairŌśā|move: Stealth Rock\n|\n|-heal|p1a: Headlock|65/100|[from] item: Leftovers\n|upkeep\n|turn|7\n|\n|t:|1783800577\n|switch|p2a: Snowcrow|Froslass, F|100/100\n|-damage|p2a: Snowcrow|76/100|[from] Stealth Rock\n|move|p1a: Headlock|Earthquake|p2a: Snowcrow\n|-damage|p2a: Snowcrow|15/100\n|\n|-heal|p1a: Headlock|71/100|[from] item: Leftovers\n|upkeep\n|turn|8\n|\n|t:|1783800580\n|move|p2a: Snowcrow|Destiny Bond|p2a: Snowcrow\n|-singlemove|p2a: Snowcrow|Destiny Bond\n|move|p1a: Headlock|Earthquake|p2a: Snowcrow\n|-damage|p2a: Snowcrow|0 fnt\n|faint|p2a: Snowcrow\n|-activate|p2a: Snowcrow|move: Destiny Bond\n|faint|p1a: Headlock\n|\n|upkeep\n|\n|t:|1783800585\n|switch|p2a: BMO|Azumarill, M|72/100 brn\n|switch|p1a: The Walk|Kyurem|100/100\n|-ability|p1a: The Walk|Pressure\n|-damage|p2a: BMO|60/100 brn|[from] Stealth Rock\n|turn|9\n|\n|t:|1783800588\n|move|p1a: The Walk|Freeze-Dry|p2a: BMO\n|-supereffective|p2a: BMO\n|-damage|p2a: BMO|0 fnt\n|faint|p2a: BMO\n|\n|upkeep\n|\n|t:|1783800601\n|switch|p2a: Arcannon|Arcanine-Hisui, M, shiny|88/100\n|-damage|p2a: Arcannon|63/100|[from] Stealth Rock\n|turn|10\n|\n|t:|1783800608\n|switch|p1a: Goodnight and Go|Darkrai|28/100\n|move|p2a: Arcannon|Head Smash|p1a: Goodnight and Go\n|-damage|p1a: Goodnight and Go|0 fnt\n|faint|p1a: Goodnight and Go\n|\n|upkeep\n|\n|t:|1783800615\n|switch|p1a: Clear the Area|Corviknight, M|93/100\n|-ability|p1a: Clear the Area|Pressure\n|turn|11\n|\n|t:|1783800618\n|-terastallize|p1a: Clear the Area|Fairy\n|move|p2a: Arcannon|Flare Blitz|p1a: Clear the Area\n|-damage|p1a: Clear the Area|56/100\n|-damage|p2a: Arcannon|46/100|[from] item: Rocky Helmet|[of] p1a: Clear the Area\n|move|p1a: Clear the Area|Body Press|p2a: Arcannon\n|-supereffective|p2a: Arcannon\n|-damage|p2a: Arcannon|0 fnt\n|faint|p2a: Arcannon\n|\n|upkeep\n|\n|t:|1783800625\n|switch|p2a: Dr. Cool|Cetitan, M|100/100\n|-damage|p2a: Dr. Cool|76/100|[from] Stealth Rock\n|turn|12\n|\n|t:|1783800630\n|move|p2a: Dr. Cool|Heavy Slam|p1a: Clear the Area\n|-supereffective|p1a: Clear the Area\n|-damage|p1a: Clear the Area|6/100\n|-damage|p2a: Dr. Cool|59/100|[from] item: Rocky Helmet|[of] p1a: Clear the Area\n|move|p1a: Clear the Area|Roost|p1a: Clear the Area\n|-heal|p1a: Clear the Area|56/100\n|\n|upkeep\n|turn|13\n|\n|t:|1783800636\n|switch|p1a: Daylight Robbery|Cinderace, F|38/100\n|move|p2a: Dr. Cool|Heavy Slam|p1a: Daylight Robbery\n|-resisted|p1a: Daylight Robbery\n|-damage|p1a: Daylight Robbery|14/100\n|\n|upkeep\n|turn|14\n|\n|t:|1783800640\n|switch|p1a: Hide and Seek|Slowking-Galar, F|100/100\n|move|p2a: Dr. Cool|Heavy Slam|p1a: Hide and Seek\n|-damage|p1a: Hide and Seek|62/100\n|\n|upkeep\n|turn|15\n|\n|t:|1783800644\n|move|p2a: Dr. Cool|Heavy Slam|p1a: Hide and Seek\n|-damage|p1a: Hide and Seek|22/100\n|-prepare|p1a: Hide and Seek|Chilly Reception|[premajor]\n|move|p1a: Hide and Seek|Chilly Reception|p1a: Hide and Seek\n|-weather|Snowscape\n|\n|t:|1783800650\n|switch|p1a: Clear the Area|Corviknight, M, tera:Fairy|56/100|[from] Chilly Reception\n|-ability|p1a: Clear the Area|Pressure\n|\n|-weather|Snowscape|[upkeep]\n|upkeep\n|turn|16\n|\n|t:|1783800651\n|move|p2a: Dr. Cool|Heavy Slam|p1a: Clear the Area\n|-supereffective|p1a: Clear the Area\n|-damage|p1a: Clear the Area|5/100\n|-damage|p2a: Dr. Cool|42/100|[from] item: Rocky Helmet|[of] p1a: Clear the Area\n|move|p1a: Clear the Area|Roost|p1a: Clear the Area\n|-heal|p1a: Clear the Area|55/100\n|\n|-weather|Snowscape|[upkeep]\n|upkeep\n|turn|17\n|\n|t:|1783800656\n|move|p2a: Dr. Cool|Heavy Slam|p1a: Clear the Area\n|-supereffective|p1a: Clear the Area\n|-damage|p1a: Clear the Area|3/100\n|-damage|p2a: Dr. Cool|26/100|[from] item: Rocky Helmet|[of] p1a: Clear the Area\n|move|p1a: Clear the Area|Roost|p1a: Clear the Area\n|-heal|p1a: Clear the Area|53/100\n|\n|-weather|Snowscape|[upkeep]\n|upkeep\n|turn|18\n|\n|t:|1783800659\n|move|p2a: Dr. Cool|Heavy Slam|p1a: Clear the Area\n|-supereffective|p1a: Clear the Area\n|-damage|p1a: Clear the Area|1/100\n|-damage|p2a: Dr. Cool|9/100|[from] item: Rocky Helmet|[of] p1a: Clear the Area\n|move|p1a: Clear the Area|Roost|p1a: Clear the Area\n|-heal|p1a: Clear the Area|51/100\n|\n|-weather|Snowscape|[upkeep]\n|upkeep\n|turn|19\n|\n|t:|1783800662\n|move|p2a: Dr. Cool|Heavy Slam|p1a: Clear the Area\n|-supereffective|p1a: Clear the Area\n|-damage|p1a: Clear the Area|0 fnt\n|-damage|p2a: Dr. Cool|0 fnt|[from] item: Rocky Helmet|[of] p1a: Clear the Area\n|faint|p1a: Clear the Area\n|faint|p2a: Dr. Cool\n|\n|-weather|none\n|upkeep\n|\n|t:|1783800672\n|switch|p2a: Magnavox|Electrode-Hisui, shiny|100/100\n|switch|p1a: Daylight Robbery|Cinderace, F|14/100\n|-damage|p2a: Magnavox|88/100|[from] Stealth Rock\n|turn|20\n|\n|t:|1783800677\n|switch|p1a: Hide and Seek|Slowking-Galar, F|55/100\n|move|p2a: Magnavox|Electro Ball|p1a: Hide and Seek\n|-damage|p1a: Hide and Seek|23/100\n|\n|upkeep\n|turn|21\n|\n|t:|1783800680\n|switch|p1a: Daylight Robbery|Cinderace, F|14/100\n|move|p2a: Magnavox|Electro Ball|p1a: Daylight Robbery\n|-damage|p1a: Daylight Robbery|0 fnt\n|faint|p1a: Daylight Robbery\n|\n|upkeep\n|\n|t:|1783800682\n|switch|p1a: The Walk|Kyurem|100/100\n|-ability|p1a: The Walk|Pressure\n|turn|22\n|\n|t:|1783800686\n|move|p2a: Magnavox|Thunder Wave|p1a: The Walk\n|-status|p1a: The Walk|par\n|cant|p1a: The Walk|par\n|\n|upkeep\n|turn|23\n|\n|t:|1783800691\n|move|p2a: Magnavox|Electro Ball|p1a: The Walk\n|-resisted|p1a: The Walk\n|-damage|p1a: The Walk|85/100 par\n|cant|p1a: The Walk|par\n|\n|upkeep\n|turn|24\n|\n|t:|1783800697\n|move|p2a: Magnavox|Electro Ball|p1a: The Walk\n|-resisted|p1a: The Walk\n|-damage|p1a: The Walk|71/100 par\n|move|p1a: The Walk|Ice Beam|p2a: Magnavox\n|-supereffective|p2a: Magnavox\n|-damage|p2a: Magnavox|0 fnt\n|faint|p2a: Magnavox\n|\n|upkeep\n|\n|t:|1783800699\n|switch|p2a: Kixxarth|Yanmega, F|100/100\n|-damage|p2a: Kixxarth|51/100|[from] Stealth Rock\n|turn|25\n|\n|t:|1783800701\n|move|p2a: Kixxarth|Detect|p2a: Kixxarth\n|-singleturn|p2a: Kixxarth|Protect\n|move|p1a: The Walk|Ice Beam|p2a: Kixxarth\n|-activate|p2a: Kixxarth|move: Protect\n|\n|-ability|p2a: Kixxarth|Speed Boost|boost\n|-boost|p2a: Kixxarth|spe|1\n|upkeep\n|turn|26\n|\n|t:|1783800705\n|-terastallize|p2a: Kixxarth|Ghost\n|move|p2a: Kixxarth|Shadow Ball|p1a: The Walk\n|-damage|p1a: The Walk|29/100 par\n|move|p1a: The Walk|Ice Beam|p2a: Kixxarth\n|-damage|p2a: Kixxarth|0 fnt\n|faint|p2a: Kixxarth\n|\n|win|silvernt\n|raw|silvernt's rating: 1313 &rarr; <strong>1335</strong><br />(+22 for winning)\n|raw|icewizardlairŌśā's rating: 1350 &rarr; <strong>1328</strong><br />(-22 for losing)\n|l|ŌśåicewizardlairŌśā\n|player|p2|\n|l|Ōśåsilvernt\n|player|p1|\n", "uploadtime": 1783801013, "views": 15, "formatid": "gen9ou", "rating": 1328, "private": 0, "password": null}