{"id": "gen9ou-2647831554", "format": "[Gen 9] OU", "players": ["papayaparaguai", "zam0rak"], "log": "|j|☆papayaparaguai\n|j|☆zam0rak\n|t:|1783820373\n|gametype|singles\n|player|p1|papayaparaguai|cynthia|1220\n|player|p2|zam0rak|n|1249\n|gen|9\n|tier|[Gen 9] OU\n|rated|\n|rule|HP Percentage Mod: HP is shown in percentages\n|rule|Endless Battle Clause: Forcing endless battles is banned\n|rule|Species Clause: Limit one of each Pokémon\n|rule|OHKO Clause: OHKO moves are banned\n|rule|Evasion Items Clause: Evasion items are banned\n|rule|Evasion Moves Clause: Evasion moves are banned\n|rule|Evasion Abilities Clause: Evasion abilities are banned\n|rule|Sleep Moves Clause: Sleep-inducing moves are banned\n|clearpoke\n|poke|p1|Donphan, L1, F|\n|poke|p1|Whimsicott, F|\n|poke|p1|Toxapex, F|\n|poke|p1|Great Tusk|\n|poke|p1|Okidogi, M|\n|poke|p1|Slowbro-Galar, F|\n|poke|p2|Landorus-Therian, M|\n|poke|p2|Great Tusk|\n|poke|p2|Moltres|\n|poke|p2|Thundurus-Therian, M|\n|poke|p2|Darkrai|\n|poke|p2|Latias, F|\n|teampreview\n|inactive|Battle timer is ON: inactive players will automatically lose when time's up. (requested by papayaparaguai)\n|\n|t:|1783820398\n|teamsize|p1|6\n|teamsize|p2|6\n|start\n|switch|p1a: Okidogi|Okidogi, M|100/100\n|switch|p2a: Landorus|Landorus-Therian, M|100/100\n|-ability|p2a: Landorus|Intimidate|boost\n|-unboost|p1a: Okidogi|atk|1\n|turn|1\n|\n|t:|1783820406\n|move|p2a: Landorus|Calm Mind|p2a: Landorus\n|-boost|p2a: Landorus|spa|1\n|-boost|p2a: Landorus|spd|1\n|move|p1a: Okidogi|Ice Punch|p2a: Landorus\n|-supereffective|p2a: Landorus\n|-damage|p2a: Landorus|18/100\n|-damage|p1a: Okidogi|84/100|[from] item: Rocky Helmet|[of] p2a: Landorus\n|\n|upkeep\n|turn|2\n|\n|t:|1783820417\n|move|p2a: Landorus|Scorching Sands|p1a: Okidogi\n|-supereffective|p1a: Okidogi\n|-damage|p1a: Okidogi|15/100\n|move|p1a: Okidogi|Ice Punch|p2a: Landorus\n|-supereffective|p2a: Landorus\n|-damage|p2a: Landorus|0 fnt\n|-damage|p1a: Okidogi|0 fnt|[from] item: Rocky Helmet|[of] p2a: Landorus\n|faint|p2a: Landorus\n|faint|p1a: Okidogi\n|\n|upkeep\n|\n|t:|1783820431\n|switch|p2a: Thundurus|Thundurus-Therian, M|100/100\n|switch|p1a: PsycoKiller|Donphan, L1, F, shiny|100/100\n|turn|3\n|\n|t:|1783820434\n|move|p2a: Thundurus|Grass Knot|p1a: PsycoKiller\n|-supereffective|p1a: PsycoKiller\n|-ability|p1a: PsycoKiller|Sturdy\n|-damage|p1a: PsycoKiller|8/100\n|move|p1a: PsycoKiller|Endeavor|p2a: Thundurus\n|-damage|p2a: Thundurus|1/100\n|-heal|p1a: PsycoKiller|100/100|[from] item: Shell Bell|[of] p2a: Thundurus\n|\n|upkeep\n|turn|4\n|\n|t:|1783820445\n|move|p1a: PsycoKiller|Ice Shard|p2a: Thundurus\n|-supereffective|p2a: Thundurus\n|-damage|p2a: Thundurus|0 fnt\n|faint|p2a: Thundurus\n|\n|upkeep\n|-message|zam0rak forfeited.\n|\n|win|papayaparaguai\n|raw|papayaparaguai's rating: 1220 &rarr; <strong>1247</strong><br />(+27 for winning)\n|raw|zam0rak's rating: 1249 &rarr; <strong>1222</strong><br />(-27 for losing)\n|l|☆zam0rak\n|player|p2|\n|l|☆papayaparaguai\n|player|p1|\n", "uploadtime": 1783820847, "views": 13, "formatid": "gen9ou", "rating": 1222, "private": 0, "password": null}