{"id": "gen9ou-2647810261", "format": "[Gen 9] OU", "players": ["Redwing78843", "Aisu_Gochira"], "log": "|j|☆Redwing78843\n|j|☆Aisu_Gochira\n|t:|1783816563\n|gametype|singles\n|player|p1|Redwing78843|102|1107\n|player|p2|Aisu_Gochira|lucas|1128\n|gen|9\n|tier|[Gen 9] OU\n|rated|\n|rule|HP Percentage Mod: HP is shown in percentages\n|rule|Endless Battle Clause: Forcing endless battles is banned\n|rule|Species Clause: Limit one of each Pokémon\n|rule|OHKO Clause: OHKO moves are banned\n|rule|Evasion Items Clause: Evasion items are banned\n|rule|Evasion Moves Clause: Evasion moves are banned\n|rule|Evasion Abilities Clause: Evasion abilities are banned\n|rule|Sleep Moves Clause: Sleep-inducing moves are banned\n|clearpoke\n|poke|p1|Gholdengo|\n|poke|p1|Gliscor, M|\n|poke|p1|Samurott-Hisui, M|\n|poke|p1|Iron Hands|\n|poke|p1|Kleavor, F|\n|poke|p1|Iron Moth|\n|poke|p2|Farigiraf, F|\n|poke|p2|Bellossom, F|\n|poke|p2|Manaphy|\n|poke|p2|Arcanine-Hisui, M|\n|poke|p2|Primeape, M|\n|poke|p2|Iron Treads|\n|teampreview\n|inactive|Battle timer is ON: inactive players will automatically lose when time's up. (requested by Redwing78843)\n|\n|t:|1783816594\n|teamsize|p1|6\n|teamsize|p2|6\n|start\n|switch|p1a: Gliscor|Gliscor, M|100/100\n|switch|p2a: Primeape|Primeape, M, shiny|100/100\n|turn|1\n|\n|t:|1783816605\n|switch|p2a: Iron Treads|Iron Treads|100/100\n|-enditem|p2a: Iron Treads|Booster Energy\n|-activate|p2a: Iron Treads|ability: Quark Drive|[fromitem]\n|-start|p2a: Iron Treads|quarkdrivespe\n|move|p1a: Gliscor|Toxic|p2a: Iron Treads\n|-immune|p2a: Iron Treads\n|\n|-status|p1a: Gliscor|tox|[from] item: Toxic Orb\n|upkeep\n|turn|2\n|\n|t:|1783816617\n|move|p2a: Iron Treads|Ice Spinner|p1a: Gliscor\n|-supereffective|p1a: Gliscor\n|-crit|p1a: Gliscor\n|-damage|p1a: Gliscor|0 fnt\n|faint|p1a: Gliscor\n|\n|upkeep\n|\n|t:|1783816629\n|switch|p1a: Samurott|Samurott-Hisui, M|100/100\n|turn|3\n|\n|t:|1783816640\n|-end|p2a: Iron Treads|Quark Drive|[silent]\n|switch|p2a: Primeape|Primeape, M, shiny|100/100\n|move|p1a: Samurott|Aqua Cutter|p2a: Primeape\n|-damage|p2a: Primeape|44/100\n|\n|upkeep\n|turn|4\n|\n|t:|1783816656\n|move|p2a: Primeape|Close Combat|p1a: Samurott\n|-supereffective|p1a: Samurott\n|-crit|p1a: Samurott\n|-damage|p1a: Samurott|0 fnt\n|-unboost|p2a: Primeape|def|1\n|-unboost|p2a: Primeape|spd|1\n|faint|p1a: Samurott\n|\n|upkeep\n|\n|t:|1783816672\n|switch|p1a: Gholdengo|Gholdengo|100/100\n|turn|5\n|\n|t:|1783816681\n|-terastallize|p2a: Primeape|Ghost\n|move|p2a: Primeape|Rage Fist|p1a: Gholdengo\n|-supereffective|p1a: Gholdengo\n|-damage|p1a: Gholdengo|0 fnt\n|faint|p1a: Gholdengo\n|\n|upkeep\n|-message|Redwing78843 forfeited.\n|\n|win|Aisu_Gochira\n|raw|Redwing78843's rating: 1107 &rarr; <strong>1084</strong><br />(-23 for losing)\n|raw|Aisu_Gochira's rating: 1128 &rarr; <strong>1151</strong><br />(+23 for winning)\n|l|☆Redwing78843\n|player|p1|\n", "uploadtime": 1783816699, "views": 3, "formatid": "gen9ou", "rating": 1084, "private": 0, "password": null}