{"id": "gen9randomdoublesbattle-2534769486", "format": "[Gen 9] Random Doubles Battle", "players": ["RisingUpUp", "waaaweeewooo"], "log": "|j|☆RisingUpUp\n|j|☆waaaweeewooo\n|t:|1770474925\n|gametype|doubles\n|player|p1|RisingUpUp|clay|1559\n|player|p2|waaaweeewooo|266|1625\n|gen|9\n|tier|[Gen 9] Random Doubles Battle\n|rated|\n|rule|Species Clause: Limit one of each Pokémon\n|rule|HP Percentage Mod: HP is shown in percentages\n|rule|Illusion Level Mod: Illusion disguises the Pokémon's true level\n|rule|Sleep Clause Mod: Limit one foe put to sleep\n|\n|t:|1770474925\n|teamsize|p1|6\n|teamsize|p2|6\n|start\n|switch|p1a: Chimecho|Chimecho, L94, F|293/293\n|switch|p1b: Swanna|Swanna, L87, F|272/272\n|switch|p2a: Umbreon|Umbreon, L85, M|300/300\n|switch|p2b: Brute Bonnet|Brute Bonnet, L80|309/309\n|turn|1\n|inactive|Battle timer is ON: inactive players will automatically lose when time's up. (requested by RisingUpUp)\n|inactive|RisingUpUp has 120 seconds left.\n|inactive|waaaweeewooo has 120 seconds left.\n|\n|t:|1770474958\n|-end|p2b: Brute Bonnet|Protosynthesis|[silent]\n|switch|p2b: Greedent|Greedent, L86, M|347/347\n|move|p1b: Swanna|Tailwind|p1b: Swanna\n|-sidestart|p1: RisingUpUp|move: Tailwind\n|move|p1a: Chimecho|Thunder Wave|p2a: Umbreon\n|-status|p2a: Umbreon|par\n|move|p2a: Umbreon|Thunder Wave|p1b: Swanna\n|-status|p1b: Swanna|par\n|\n|upkeep\n|turn|2\n|inactive|RisingUpUp has 120 seconds left.\n|inactive|waaaweeewooo has 120 seconds left.\n|\n|t:|1770474994\n|move|p1a: Chimecho|Psychic|p2b: Greedent\n|-damage|p2b: Greedent|229/347\n|cant|p1b: Swanna|par\n|move|p2b: Greedent|Swords Dance|p2b: Greedent\n|-boost|p2b: Greedent|atk|2\n|move|p2a: Umbreon|Foul Play|p1a: Chimecho\n|-supereffective|p1a: Chimecho\n|-damage|p1a: Chimecho|201/293\n|\n|upkeep\n|turn|3\n|\n|t:|1770475011\n|move|p1a: Chimecho|Psychic|p2b: Greedent\n|-damage|p2b: Greedent|109/347\n|-unboost|p2b: Greedent|spd|1\n|-enditem|p2b: Greedent|Sitrus Berry|[eat]\n|-heal|p2b: Greedent|195/347|[from] item: Sitrus Berry\n|-heal|p2b: Greedent|310/347|[from] ability: Cheek Pouch\n|cant|p1b: Swanna|par\n|move|p2b: Greedent|Knock Off|p1a: Chimecho\n|-supereffective|p1a: Chimecho\n|-damage|p1a: Chimecho|0 fnt\n|-enditem|p1a: Chimecho|Sitrus Berry|[from] move: Knock Off|[of] p2b: Greedent\n|faint|p1a: Chimecho\n|move|p2a: Umbreon|Foul Play|p1b: Swanna\n|-damage|p1b: Swanna|157/272 par\n|\n|upkeep\n|inactive|RisingUpUp has 120 seconds left.\n|\n|t:|1770475028\n|switch|p1a: Toucannon|Toucannon, L87, M|281/281\n|turn|4\n|\n|t:|1770475043\n|move|p2b: Greedent|Protect|p2b: Greedent\n|-singleturn|p2b: Greedent|Protect\n|move|p1a: Toucannon|Brave Bird|p2b: Greedent\n|-activate|p2b: Greedent|move: Protect\n|cant|p1b: Swanna|par\n|cant|p2a: Umbreon|par\n|\n|-sideend|p1: RisingUpUp|move: Tailwind\n|upkeep\n|turn|5\n|-message|RisingUpUp forfeited.\n|\n|win|waaaweeewooo\n|raw|RisingUpUp's rating: 1559 &rarr; <strong>1543</strong><br />(-16 for losing)\n|raw|waaaweeewooo's rating: 1625 &rarr; <strong>1641</strong><br />(+16 for winning)\n|l|☆RisingUpUp\n|player|p1|\n", "inputlog": ">version ccdc32dd7cde25fd9e4bed64820e885f66e78a4e\n>start {\"formatid\":\"gen9randomdoublesbattle\",\"seed\":\"sodium,7c293c0f37327c99759352c2f8d64639\",\"rated\":\"Rated battle\"}\n>player p1 {\"name\":\"RisingUpUp\",\"avatar\":\"clay\",\"rating\":1559,\"seed\":\"sodium,7e030ee2496a0088c74b59e13ead225a\"}\n>player p2 {\"name\":\"waaaweeewooo\",\"avatar\":\"266\",\"rating\":1625,\"seed\":\"sodium,d9beee3ccf1073e88f7612441f53f224\"}\n>p1 move thunderwave +1, move tailwind\n>p2 move thunderwave +2, switch 6\n>p1 move psychic +2, move hydropump +2\n>p2 move foulplay +1, move swordsdance\n>p1 move psychic +2, move bravebird +2\n>p2 move foulplay +2, move knockoff +1\n>p1 switch 6, pass\n>p1 move bravebird +2, move bravebird +2\n>p2 move thunderwave +1, move protect\n>forcelose p1", "uploadtime": 1770475066, "views": 89, "formatid": "gen9randomdoublesbattle", "rating": 1543, "private": 0, "password": null}