{"id": "gen9randomdoublesbattle-2538068522", "format": "[Gen 9] Random Doubles Battle", "players": ["fanhualuoji chara", "TNTlover"], "log": "|j|☆fanhualuoji chara\n|j|☆TNTlover\n|t:|1770887627\n|gametype|doubles\n|player|p1|fanhualuoji chara|gambler|1548\n|player|p2|TNTlover|101|1656\n|gen|9\n|tier|[Gen 9] Random Doubles Battle\n|rated|\n|rule|Species Clause: Limit one of each Pokémon\n|rule|HP Percentage Mod: HP is shown in percentages\n|rule|Illusion Level Mod: Illusion disguises the Pokémon's true level\n|rule|Sleep Clause Mod: Limit one foe put to sleep\n|\n|t:|1770887627\n|teamsize|p1|6\n|teamsize|p2|6\n|start\n|switch|p1a: Illumise|Illumise, L83, F|244/244\n|switch|p1b: Malamar|Malamar, L80, M|269/269\n|switch|p2a: Spectrier|Spectrier, L77|281/281\n|switch|p2b: Tauros|Tauros-Paldea-Aqua, L80, M|251/251\n|-ability|p2b: Tauros|Intimidate|boost\n|-unboost|p1a: Illumise|atk|1\n|-boost|p1b: Malamar|atk|1\n|turn|1\n|\n|t:|1770887664\n|switch|p2a: Palkia|Palkia, L74|255/255\n|move|p1a: Illumise|Tailwind|p1a: Illumise\n|-sidestart|p1: fanhualuoji chara|move: Tailwind\n|move|p1b: Malamar|Knock Off|p2a: Palkia\n|-damage|p2a: Palkia|117/255\n|-enditem|p2a: Palkia|Choice Specs|[from] move: Knock Off|[of] p1b: Malamar\n|move|p2b: Tauros|Close Combat|p1b: Malamar\n|-damage|p1b: Malamar|125/269\n|-unboost|p2b: Tauros|def|1\n|-unboost|p2b: Tauros|spd|1\n|-enditem|p1b: Malamar|Sitrus Berry|[eat]\n|-heal|p1b: Malamar|192/269|[from] item: Sitrus Berry\n|\n|upkeep\n|turn|2\n|\n|t:|1770887688\n|move|p1a: Illumise|Thunder Wave|p2b: Tauros\n|-status|p2b: Tauros|par\n|move|p1b: Malamar|Superpower|p2a: Palkia\n|-damage|p2a: Palkia|2/255\n|-boost|p1b: Malamar|atk|1\n|-boost|p1b: Malamar|def|1\n|move|p2a: Palkia|Spacial Rend|p1b: Malamar|[miss]\n|-miss|p2a: Palkia|p1b: Malamar\n|move|p2b: Tauros|Close Combat|p1b: Malamar\n|-damage|p1b: Malamar|96/269\n|-unboost|p2b: Tauros|def|1\n|-unboost|p2b: Tauros|spd|1\n|\n|upkeep\n|turn|3\n|\n|t:|1770887712\n|move|p1a: Illumise|Struggle Bug|p2a: Palkia|[spread] p2a,p2b\n|-resisted|p2b: Tauros\n|-damage|p2a: Palkia|0 fnt\n|-damage|p2b: Tauros|215/251 par\n|-unboost|p2b: Tauros|spa|1\n|faint|p2a: Palkia\n|move|p1b: Malamar|Superpower|p2b: Tauros\n|-crit|p2b: Tauros\n|-damage|p2b: Tauros|0 fnt\n|-boost|p1b: Malamar|atk|1\n|-boost|p1b: Malamar|def|1\n|faint|p2b: Tauros\n|\n|upkeep\n|\n|t:|1770887738\n|switch|p2b: Lunala|Lunala, L71|312/312\n|switch|p2a: Landorus|Landorus-Therian, L77, M|264/264\n|-ability|p2a: Landorus|Intimidate|boost\n|-unboost|p1a: Illumise|atk|1\n|-boost|p1b: Malamar|atk|1\n|turn|4\n|-message|TNTlover forfeited.\n|\n|win|fanhualuoji chara\n|raw|fanhualuoji chara's rating: 1548 &rarr; <strong>1574</strong><br />(+26 for winning)\n|raw|TNTlover's rating: 1656 &rarr; <strong>1630</strong><br />(-26 for losing)\n|l|☆TNTlover\n|player|p2|\n", "inputlog": ">version ccdc32dd7cde25fd9e4bed64820e885f66e78a4e\n>start {\"formatid\":\"gen9randomdoublesbattle\",\"seed\":\"sodium,46c03967e149eac59a2570ad10169acc\",\"rated\":\"Rated battle\"}\n>player p1 {\"name\":\"fanhualuoji chara\",\"avatar\":\"gambler\",\"rating\":1548,\"seed\":\"sodium,b1653011bc151dba5551caffc1a8ec59\"}\n>player p2 {\"name\":\"TNTlover\",\"avatar\":\"101\",\"rating\":1656,\"seed\":\"sodium,ca55dd1345724c0749161c31a87808b3\"}\n>p1 move tailwind, move knockoff +1\n>p2 switch 3, move closecombat +2\n>p1 move thunderwave +2, move superpower +1\n>p2 move spacialrend +2, move closecombat +2\n>p1 move strugglebug, move superpower +2\n>p2 move spacialrend +2, move closecombat +2\n>p2 switch 4, switch 6\n>forcelose p2", "uploadtime": 1770887747, "views": 70, "formatid": "gen9randomdoublesbattle", "rating": 1574, "private": 0, "password": null}