{"id": "gen9randomdoublesbattle-2537060607", "format": "[Gen 9] Random Doubles Battle", "players": ["fgok", "Pangaea"], "log": "|j|Ōśåfgok\n|j|ŌśåPangaea\n|t:|1770761484\n|gametype|doubles\n|player|p1|fgok|102|1772\n|player|p2|Pangaea|169|1720\n|gen|9\n|tier|[Gen 9] Random Doubles Battle\n|rated|\n|rule|Species Clause: Limit one of each Pok├®mon\n|rule|HP Percentage Mod: HP is shown in percentages\n|rule|Illusion Level Mod: Illusion disguises the Pok├®mon's true level\n|rule|Sleep Clause Mod: Limit one foe put to sleep\n|\n|t:|1770761484\n|teamsize|p1|6\n|teamsize|p2|6\n|start\n|switch|p1a: Frosmoth|Frosmoth, L86, M|261/261\n|switch|p1b: Chesnaught|Chesnaught, L86, F|292/292\n|switch|p2a: Moltres|Moltres-Galar, L74|255/255\n|switch|p2b: Talonflame|Talonflame, L82, M|262/262\n|turn|1\n|inactive|Battle timer is ON: inactive players will automatically lose when time's up. (requested by fgok)\n|inactive|fgok has 120 seconds left.\n|\n|t:|1770761521\n|switch|p1a: Lapras|Lapras, L83, F|351/351\n|switch|p1b: Azumarill|Azumarill, L83, M|302/302\n|move|p2b: Talonflame|Brave Bird|p1a: Lapras\n|-damage|p1a: Lapras|234/351\n|-damage|p2b: Talonflame|223/262|[from] Recoil\n|move|p2a: Moltres|Tailwind|p2a: Moltres\n|-sidestart|p2: Pangaea|move: Tailwind\n|\n|upkeep\n|turn|2\n|\n|t:|1770761550\n|move|p2b: Talonflame|Brave Bird|p1b: Azumarill\n|-damage|p1b: Azumarill|185/302\n|-damage|p2b: Talonflame|184/262|[from] Recoil\n|move|p2a: Moltres|Hurricane|p1b: Azumarill\n|-damage|p1b: Azumarill|85/302\n|-start|p1b: Azumarill|confusion\n|move|p1a: Lapras|Freeze-Dry|p2a: Moltres\n|-supereffective|p2a: Moltres\n|-damage|p2a: Moltres|147/255\n|-status|p2a: Moltres|frz\n|-activate|p1b: Azumarill|confusion\n|move|p1b: Azumarill|Liquidation|p2b: Talonflame\n|-supereffective|p2b: Talonflame\n|-damage|p2b: Talonflame|0 fnt\n|faint|p2b: Talonflame\n|\n|upkeep\n|inactive|Pangaea has 120 seconds left.\n|c|ŌśåPangaea|:(\n|c|Ōśåfgok|:(\n|\n|t:|1770761577\n|switch|p2b: Mienshao|Mienshao, L84, F|246/246\n|turn|3\n|inactive|Pangaea has 120 seconds left.\n|\n|t:|1770761590\n|switch|p1a: Frosmoth|Frosmoth, L86, M|261/261\n|move|p2b: Mienshao|Close Combat|p1a: Frosmoth\n|-damage|p1a: Frosmoth|65/261\n|-unboost|p2b: Mienshao|def|1\n|-unboost|p2b: Mienshao|spd|1\n|cant|p2a: Moltres|frz\n|-end|p1b: Azumarill|confusion\n|move|p1b: Azumarill|Liquidation|p2a: Moltres\n|-damage|p2a: Moltres|0 fnt\n|faint|p2a: Moltres\n|\n|upkeep\n|inactive|Pangaea has 120 seconds left.\n|c|ŌśåPangaea|:((\n|c|Ōśåfgok|:((\n|\n|t:|1770761614\n|switch|p2a: Drednaw|Drednaw, L83, M|285/285\n|turn|4\n|inactive|Pangaea has 120 seconds left.\n|\n|t:|1770761625\n|move|p1a: Frosmoth|Protect|p1a: Frosmoth\n|-singleturn|p1a: Frosmoth|Protect\n|move|p2b: Mienshao|U-turn|p1b: Azumarill\n|-resisted|p1b: Azumarill\n|-damage|p1b: Azumarill|51/302\n|inactive|Pangaea has 120 seconds left.\n|\n|t:|1770761631\n|switch|p2b: Zangoose|Zangoose, L87, F|269/269|[from] U-turn\n|move|p2a: Drednaw|Rock Slide|p1b: Azumarill|[spread] p1b\n|-activate|p1a: Frosmoth|move: Protect\n|-damage|p1b: Azumarill|0 fnt\n|faint|p1b: Azumarill\n|\n|-sideend|p2: Pangaea|move: Tailwind\n|-status|p2b: Zangoose|tox|[from] item: Toxic Orb\n|upkeep\n|\n|t:|1770761653\n|switch|p1b: Chesnaught|Chesnaught, L86, F|292/292\n|turn|5\n|\n|t:|1770761680\n|move|p2b: Zangoose|Facade|p1b: Chesnaught\n|-damage|p1b: Chesnaught|97/292\n|-enditem|p1b: Chesnaught|Sitrus Berry|[eat]\n|-heal|p1b: Chesnaught|170/292|[from] item: Sitrus Berry\n|move|p2a: Drednaw|Rock Slide|p1b: Chesnaught|[spread] p1a,p1b\n|-supereffective|p1a: Frosmoth\n|-resisted|p1b: Chesnaught\n|-damage|p1a: Frosmoth|0 fnt\n|-damage|p1b: Chesnaught|146/292\n|faint|p1a: Frosmoth\n|cant|p1b: Chesnaught|flinch\n|\n|-damage|p2b: Zangoose|253/269 tox|[from] psn\n|upkeep\n|\n|t:|1770761698\n|switch|p1a: Regieleki|Regieleki, L79|256/256\n|turn|6\n|inactive|Pangaea has 120 seconds left.\n|\n|t:|1770761736\n|switch|p2b: Mienshao|Mienshao, L84, F|246/246\n|move|p1a: Regieleki|Electroweb|p2a: Drednaw|[spread] p2a,p2b\n|-supereffective|p2a: Drednaw\n|-damage|p2a: Drednaw|147/285\n|-damage|p2b: Mienshao|188/246\n|-unboost|p2a: Drednaw|spe|1\n|-unboost|p2b: Mienshao|spe|1\n|-enditem|p2a: Drednaw|White Herb\n|-clearnegativeboost|p2a: Drednaw|[silent]\n|move|p2a: Drednaw|Liquidation|p1a: Regieleki\n|-damage|p1a: Regieleki|91/256\n|move|p1b: Chesnaught|Body Press|p2b: Mienshao\n|-damage|p2b: Mienshao|56/246\n|\n|upkeep\n|turn|7\n|inactive|Pangaea has 120 seconds left.\n|\n|t:|1770761763\n|move|p1a: Regieleki|Protect|p1a: Regieleki\n|-singleturn|p1a: Regieleki|Protect\n|move|p1b: Chesnaught|Spiky Shield|p1b: Chesnaught\n|-singleturn|p1b: Chesnaught|move: Protect\n|move|p2b: Mienshao|Fake Out|p1a: Regieleki\n|-activate|p1a: Regieleki|move: Protect\n|move|p2a: Drednaw|Rock Slide|p1b: Chesnaught|[spread] \n|-activate|p1a: Regieleki|move: Protect\n|-activate|p1b: Chesnaught|move: Protect\n|\n|upkeep\n|turn|8\n|inactive|Pangaea has 120 seconds left.\n|inactive|fgok has 120 seconds left.\n|\n|t:|1770761822\n|move|p1a: Regieleki|Electroweb|p2b: Mienshao|[spread] p2a,p2b\n|-supereffective|p2a: Drednaw\n|-damage|p2a: Drednaw|0 fnt\n|-damage|p2b: Mienshao|0 fnt\n|faint|p2a: Drednaw\n|faint|p2b: Mienshao\n|move|p1b: Chesnaught|Body Press|p2: Drednaw|[notarget]\n|-fail|p1b: Chesnaught\n|\n|upkeep\n|\n|t:|1770761827\n|switch|p2b: Cryogonal|Cryogonal, L88|284/284\n|switch|p2a: Zangoose|Zangoose, L87, F|253/269 tox\n|turn|9\n|inactive|fgok has 120 seconds left.\n|\n|t:|1770761839\n|move|p1a: Regieleki|Protect|p1a: Regieleki\n|-singleturn|p1a: Regieleki|Protect\n|move|p2a: Zangoose|Protect|p2a: Zangoose\n|-singleturn|p2a: Zangoose|Protect\n|move|p1b: Chesnaught|Spiky Shield|p1b: Chesnaught\n|-singleturn|p1b: Chesnaught|move: Protect\n|move|p2b: Cryogonal|Icy Wind|p1a: Regieleki|[spread] \n|-activate|p1a: Regieleki|move: Protect\n|-activate|p1b: Chesnaught|move: Protect\n|\n|-damage|p2a: Zangoose|237/269 tox|[from] psn\n|upkeep\n|turn|10\n|\n|t:|1770761855\n|move|p1a: Regieleki|Electroweb|p2b: Cryogonal|[spread] p2a\n|-miss|p1a: Regieleki|p2b: Cryogonal\n|-damage|p2a: Zangoose|162/269 tox\n|-unboost|p2a: Zangoose|spe|1\n|move|p2b: Cryogonal|Icy Wind|p1a: Regieleki|[spread] p1a,p1b\n|-supereffective|p1b: Chesnaught\n|-damage|p1a: Regieleki|15/256\n|-damage|p1b: Chesnaught|44/292\n|-unboost|p1a: Regieleki|spe|1\n|-unboost|p1b: Chesnaught|spe|1\n|move|p2a: Zangoose|Facade|p1a: Regieleki\n|-damage|p1a: Regieleki|0 fnt\n|faint|p1a: Regieleki\n|move|p1b: Chesnaught|Body Press|p2a: Zangoose\n|-supereffective|p2a: Zangoose\n|-damage|p2a: Zangoose|0 fnt\n|faint|p2a: Zangoose\n|\n|upkeep\n|-message|Pangaea forfeited.\n|\n|win|fgok\n|raw|fgok's rating: 1772 &rarr; <strong>1789</strong><br />(+17 for winning)\n|raw|Pangaea's rating: 1720 &rarr; <strong>1703</strong><br />(-17 for losing)\n|l|ŌśåPangaea\n|player|p2|\n|c|Ōśåfgok|ggbro\n", "inputlog": ">version ccdc32dd7cde25fd9e4bed64820e885f66e78a4e\n>start {\"formatid\":\"gen9randomdoublesbattle\",\"seed\":\"sodium,2b80ef0327b8a76ea13765e4be880318\",\"rated\":\"Rated battle\"}\n>player p1 {\"name\":\"fgok\",\"avatar\":\"102\",\"rating\":1772,\"seed\":\"sodium,47756e1eb2b4427bd9032e01f4359d48\"}\n>player p2 {\"name\":\"Pangaea\",\"avatar\":\"169\",\"rating\":1720,\"seed\":\"sodium,25cb974503a9d8a8dca262a3b5074f54\"}\n>p1 switch 3, switch 4\n>p2 move tailwind, move bravebird +1\n>p1 move freezedry +1, move liquidation +2\n>p2 move hurricane +2, move bravebird +2\n>chat ŌśåPangaea|:(\n>chat Ōśåfgok|:(\n>p2 pass, switch 6\n>p1 switch 3, move liquidation +1\n>p2 move hurricane +2, move closecombat +1\n>chat ŌśåPangaea|:((\n>chat Ōśåfgok|:((\n>p2 switch 3, pass\n>p1 move protect, move liquidation +2\n>p2 move rockslide, move uturn +2\n>p2 pass, switch 4\n>p1 pass, switch 4\n>p1 move icebeam +2, move leechseed +1\n>p2 move rockslide, move facade +2\n>p1 switch 5, pass\n>p1 move electroweb, move bodypress +2\n>p2 move liquidation +1, switch 4\n>p1 move protect, move spikyshield\n>p2 move rockslide, move fakeout +1\n>p1 move electroweb, move bodypress +1\n>p2 move rockslide, move closecombat +1\n>p2 switch 4, switch 5\n>p1 move protect, move spikyshield\n>p2 move protect, move icywind\n>p1 move electroweb, move bodypress +1\n>p2 move facade +1, move icywind\n>forcelose p2", "uploadtime": 1770761921, "views": 72, "formatid": "gen9randomdoublesbattle", "rating": 1703, "private": 0, "password": null}