{"id": "gen7randombattle-2527577940", "format": "[Gen 7] Random Battle", "players": ["krat05", "CMONMANE"], "log": "|j|☆krat05\n|j|☆CMONMANE\n|t:|1769551211\n|gametype|singles\n|player|p1|krat05|2|1578\n|player|p2|CMONMANE|unknown|1654\n|gen|7\n|tier|[Gen 7] Random Battle\n|rated|\n|rule|Sleep Clause Mod: Limit one foe put to sleep\n|rule|HP Percentage Mod: HP is shown in percentages\n|rule|Illusion Level Mod: Illusion disguises the Pokémon's true level\n|\n|t:|1769551211\n|teamsize|p1|6\n|teamsize|p2|6\n|start\n|switch|p1a: Lickilicky|Lickilicky, L89, F|341/341\n|switch|p2a: Ambipom|Ambipom, L84, F|263/263\n|-ability|p1a: Lickilicky|Cloud Nine\n|turn|1\n|inactive|Battle timer is ON: inactive players will automatically lose when time's up. (requested by CMONMANE)\n|\n|t:|1769551226\n|switch|p1a: Stantler|Stantler, L92, F|284/284\n|-ability|p1a: Stantler|Intimidate|boost\n|-unboost|p2a: Ambipom|atk|1\n|move|p2a: Ambipom|Knock Off|p1a: Stantler\n|-damage|p1a: Stantler|196/284\n|-enditem|p1a: Stantler|Life Orb|[from] move: Knock Off|[of] p2a: Ambipom\n|\n|upkeep\n|turn|2\n|\n|t:|1769551238\n|switch|p2a: Gengar|Gengar, L82, F|233/233\n|move|p1a: Stantler|Thunder Wave|p2a: Gengar\n|-status|p2a: Gengar|par\n|\n|upkeep\n|turn|3\n|\n|t:|1769551253\n|switch|p2a: Tangrowth|Tangrowth, L89, F|323/323\n|move|p1a: Stantler|Earthquake|p2a: Tangrowth\n|-resisted|p2a: Tangrowth\n|-damage|p2a: Tangrowth|295/323\n|\n|-heal|p2a: Tangrowth|315/323|[from] item: Leftovers\n|upkeep\n|turn|4\n|\n|t:|1769551266\n|switch|p1a: Espeon|Espeon, L83, F|244/244\n|move|p2a: Tangrowth|Sludge Bomb|p1a: Espeon\n|-damage|p1a: Espeon|169/244\n|-status|p1a: Espeon|psn\n|\n|-heal|p2a: Tangrowth|323/323|[from] item: Leftovers\n|-damage|p1a: Espeon|139/244 psn|[from] psn\n|upkeep\n|turn|5\n|\n|t:|1769551278\n|move|p1a: Espeon|Trick|p2a: Tangrowth\n|-activate|p1a: Espeon|move: Trick|[of] p2a: Tangrowth\n|-item|p2a: Tangrowth|Choice Specs|[from] move: Trick\n|-item|p1a: Espeon|Leftovers|[from] move: Trick\n|move|p2a: Tangrowth|Knock Off|p1a: Espeon\n|-supereffective|p1a: Espeon\n|-damage|p1a: Espeon|0 fnt\n|-enditem|p1a: Espeon|Leftovers|[from] move: Knock Off|[of] p2a: Tangrowth\n|faint|p1a: Espeon\n|\n|upkeep\n|\n|t:|1769551301\n|switch|p1a: Stantler|Stantler, L92, F|196/284\n|-ability|p1a: Stantler|Intimidate|boost\n|-unboost|p2a: Tangrowth|atk|1\n|turn|6\n|\n|t:|1769551315\n|move|p1a: Stantler|Thunder Wave|p2a: Tangrowth\n|-status|p2a: Tangrowth|par\n|move|p2a: Tangrowth|Knock Off|p1a: Stantler\n|-damage|p1a: Stantler|155/284\n|\n|upkeep\n|turn|7\n|inactive|krat05 has 120 seconds left.\n|inactive|krat05 has 90 seconds left.\n|\n|t:|1769551370\n|switch|p1a: Carracosta|Carracosta, L88, M|274/274\n|cant|p2a: Tangrowth|par\n|\n|upkeep\n|turn|8\n|inactive|krat05 has 90 seconds left.\n|\n|t:|1769551382\n|switch|p2a: Ambipom|Ambipom, L84, F|263/263\n|move|p1a: Carracosta|Shell Smash|p1a: Carracosta\n|-unboost|p1a: Carracosta|def|1\n|-unboost|p1a: Carracosta|spd|1\n|-boost|p1a: Carracosta|atk|2\n|-boost|p1a: Carracosta|spa|2\n|-boost|p1a: Carracosta|spe|2\n|-enditem|p1a: Carracosta|White Herb\n|-clearnegativeboost|p1a: Carracosta|[silent]\n|\n|upkeep\n|turn|9\n|inactive|krat05 has 90 seconds left.\n|l|☆krat05\n|inactive|krat05 disconnected and has a minute to reconnect!\n|player|p1|\n|inactive|krat05 has 30 seconds to reconnect!\n|inactive|krat05 has 20 seconds to reconnect!\n|j|☆krat05\n|inactive|krat05 reconnected and has 25 seconds left.\n|player|p1|krat05|2|\n|inactive|krat05 has 20 seconds left.\n|inactive|krat05 has 15 seconds left.\n|inactive|krat05 has 10 seconds left.\n|l|☆krat05\n|inactive|krat05 disconnected and has a minute to reconnect!\n|player|p1|\n|inactive|krat05 has 5 seconds left.\n|-message|krat05 lost due to inactivity.\n|\n|win|CMONMANE\n|raw|krat05's rating: 1578 &rarr; <strong>1562</strong><br />(-16 for losing)\n|raw|CMONMANE's rating: 1654 &rarr; <strong>1670</strong><br />(+16 for winning)\n", "inputlog": ">version b99ff0165a6231f17e8b78c2a78d1998375de664\n>start {\"formatid\":\"gen7randombattle\",\"seed\":\"sodium,f6c926192cf6c7e3956150f6c7948e87\",\"rated\":\"Rated battle\"}\n>player p1 {\"name\":\"krat05\",\"avatar\":\"2\",\"rating\":1578,\"seed\":\"sodium,a1935a36326b950eddace7951fb71cf0\"}\n>player p2 {\"name\":\"CMONMANE\",\"avatar\":\"unknown\",\"rating\":1654,\"seed\":\"sodium,1330614d4a0eb4a2f52001339ed50bb2\"}\n>p1 switch 2\n>p2 move knockoff\n>p1 move thunderwave\n>p2 switch 3\n>p1 move earthquake\n>p2 switch 4\n>p1 switch 4\n>p2 move sludgebomb\n>p1 move trick\n>p2 move knockoff\n>p1 switch 4\n>p1 move thunderwave\n>p2 move knockoff\n>p1 switch 3\n>p2 move knockoff\n>p1 move shellsmash\n>p2 switch 3\n>forcelose p1", "uploadtime": 1769551481, "views": 184, "formatid": "gen7randombattle", "rating": 1562, "private": 0, "password": null}