{"id": "gen7randombattle-2530882281", "format": "[Gen 7] Random Battle", "players": ["Snoop Rogue", "A random hoe"], "log": "|j|☆Snoop Rogue\n|j|☆A random hoe\n|t:|1769982977\n|gametype|singles\n|player|p1|Snoop Rogue|koga-lgpe|1670\n|player|p2|A random hoe|lusamine-masters|1611\n|gen|7\n|tier|[Gen 7] Random Battle\n|rated|\n|rule|Sleep Clause Mod: Limit one foe put to sleep\n|rule|HP Percentage Mod: HP is shown in percentages\n|rule|Illusion Level Mod: Illusion disguises the Pokémon's true level\n|\n|t:|1769982977\n|teamsize|p1|6\n|teamsize|p2|6\n|start\n|switch|p1a: Buzzwole|Buzzwole, L79|299/299\n|switch|p2a: Ferrothorn|Ferrothorn, L72, M|226/226\n|turn|1\n|inactive|Battle timer is ON: inactive players will automatically lose when time's up. (requested by A random hoe)\n|inactive|Snoop Rogue also wants the timer to be on.\n|\n|t:|1769982984\n|switch|p2a: Sableye|Sableye, L86, F|226/226\n|move|p1a: Buzzwole|Superpower|p2a: Sableye\n|-immune|p2a: Sableye\n|\n|upkeep\n|turn|2\n|\n|t:|1769982988\n|switch|p1a: Spiritomb|Spiritomb, L91, F|239/239\n|move|p2a: Sableye|Will-O-Wisp|p1a: Spiritomb\n|-hint|Since gen 7, Dark is immune to Prankster moves.\n|-immune|p1a: Spiritomb\n|\n|upkeep\n|turn|3\n|\n|t:|1769982997\n|switch|p2a: Noctowl|Noctowl, L94, F|340/340\n|move|p1a: Spiritomb|Calm Mind|p1a: Spiritomb\n|-boost|p1a: Spiritomb|spa|1\n|-boost|p1a: Spiritomb|spd|1\n|\n|upkeep\n|turn|4\n|\n|t:|1769983000\n|move|p2a: Noctowl|Hurricane|p1a: Spiritomb|[miss]\n|-miss|p2a: Noctowl|p1a: Spiritomb\n|move|p1a: Spiritomb|Calm Mind|p1a: Spiritomb\n|-boost|p1a: Spiritomb|spa|1\n|-boost|p1a: Spiritomb|spd|1\n|\n|upkeep\n|turn|5\n|\n|t:|1769983003\n|move|p2a: Noctowl|Hurricane|p1a: Spiritomb|[miss]\n|-miss|p2a: Noctowl|p1a: Spiritomb\n|move|p1a: Spiritomb|Calm Mind|p1a: Spiritomb\n|-boost|p1a: Spiritomb|spa|1\n|-boost|p1a: Spiritomb|spd|1\n|\n|upkeep\n|turn|6\n|\n|t:|1769983005\n|move|p2a: Noctowl|Hurricane|p1a: Spiritomb\n|-damage|p1a: Spiritomb|196/239\n|move|p1a: Spiritomb|Dark Pulse|p2a: Noctowl\n|-damage|p2a: Noctowl|142/340\n|\n|-heal|p2a: Noctowl|163/340|[from] item: Leftovers\n|-heal|p1a: Spiritomb|210/239|[from] item: Leftovers\n|upkeep\n|turn|7\n|\n|t:|1769983010\n|move|p2a: Noctowl|Hurricane|p1a: Spiritomb|[miss]\n|-miss|p2a: Noctowl|p1a: Spiritomb\n|move|p1a: Spiritomb|Dark Pulse|p2a: Noctowl\n|-damage|p2a: Noctowl|0 fnt\n|faint|p2a: Noctowl\n|\n|-heal|p1a: Spiritomb|224/239|[from] item: Leftovers\n|upkeep\n|-message|A random hoe forfeited.\n|\n|win|Snoop Rogue\n|raw|Snoop Rogue's rating: 1670 &rarr; <strong>1687</strong><br />(+17 for winning)\n|raw|A random hoe's rating: 1611 &rarr; <strong>1594</strong><br />(-17 for losing)\n|l|☆A random hoe\n|player|p2|\n", "inputlog": ">version ccdc32dd7cde25fd9e4bed64820e885f66e78a4e\n>start {\"formatid\":\"gen7randombattle\",\"seed\":\"sodium,e3ec31cccf5bd6ed3b4782a1057be6c2\",\"rated\":\"Rated battle\"}\n>player p1 {\"name\":\"Snoop Rogue\",\"avatar\":\"koga-lgpe\",\"rating\":1670,\"seed\":\"sodium,8435a300ba472d2986b00535c8b9041e\"}\n>player p2 {\"name\":\"A random hoe\",\"avatar\":\"lusamine-masters\",\"rating\":1611,\"seed\":\"sodium,1bc5582215758f95d3b1ea9d829c9687\"}\n>p1 move superpower\n>p2 switch 5\n>p1 switch 4\n>p2 move willowisp\n>p1 move calmmind\n>p2 switch 6\n>p1 move calmmind\n>p2 move hurricane\n>p1 move calmmind\n>p2 move hurricane\n>p1 move darkpulse\n>p2 move hurricane\n>p1 move darkpulse\n>p2 move hurricane\n>forcelose p2", "uploadtime": 1769983016, "views": 189, "formatid": "gen7randombattle", "rating": 1594, "private": 0, "password": null}