{"id": "gen7randombattle-2529639698", "format": "[Gen 7] Random Battle", "players": ["Pecoplush", "galamianogi"], "log": "|j|ŌśåPecoplush\n|j|Ōśågalamianogi\n|t:|1769806769\n|gametype|singles\n|player|p1|Pecoplush|rika|1629\n|player|p2|galamianogi|gladion-stance|1601\n|gen|7\n|tier|[Gen 7] Random Battle\n|rated|\n|rule|Sleep Clause Mod: Limit one foe put to sleep\n|rule|HP Percentage Mod: HP is shown in percentages\n|rule|Illusion Level Mod: Illusion disguises the Pok├®mon's true level\n|\n|t:|1769806769\n|teamsize|p1|6\n|teamsize|p2|6\n|start\n|switch|p1a: Blaziken|Blaziken, L78, M|253/253\n|switch|p2a: Delcatty|Delcatty, L99, F|299/299\n|turn|1\n|inactive|Battle timer is ON: inactive players will automatically lose when time's up. (requested by Pecoplush)\n|\n|t:|1769806793\n|move|p1a: Blaziken|Protect|p1a: Blaziken\n|-singleturn|p1a: Blaziken|Protect\n|move|p2a: Delcatty|Fake Out|p1a: Blaziken\n|-activate|p1a: Blaziken|move: Protect\n|\n|-ability|p1a: Blaziken|Speed Boost|boost\n|-boost|p1a: Blaziken|spe|1\n|upkeep\n|turn|2\n|\n|t:|1769806809\n|move|p1a: Blaziken|High Jump Kick|p2a: Delcatty\n|-supereffective|p2a: Delcatty\n|-damage|p2a: Delcatty|0 fnt\n|faint|p2a: Delcatty\n|-damage|p1a: Blaziken|228/253|[from] item: Life Orb\n|\n|-ability|p1a: Blaziken|Speed Boost|boost\n|-boost|p1a: Blaziken|spe|1\n|upkeep\n|\n|t:|1769806821\n|switch|p2a: Kingdra|Kingdra, L85, F|266/266\n|turn|3\n|\n|t:|1769806836\n|switch|p1a: Mr. Mime|Mr. Mime, L90, M|218/218\n|move|p2a: Kingdra|Waterfall|p1a: Mr. Mime\n|-damage|p1a: Mr. Mime|122/218\n|\n|upkeep\n|turn|4\n|inactive|galamianogi has 120 seconds left.\n|l|Ōśågalamianogi\n|inactive|galamianogi disconnected and has a minute to reconnect!\n|player|p2|\n|j|Ōśågalamianogi\n|inactive|galamianogi reconnected and has 95 seconds left.\n|player|p2|galamianogi|gladion-stance|\n|inactive|galamianogi has 90 seconds left.\n|\n|t:|1769806888\n|switch|p2a: Espeon|Espeon, L83, M|244/244\n|move|p1a: Mr. Mime|Dazzling Gleam|p2a: Espeon\n|-damage|p2a: Espeon|93/244\n|\n|upkeep\n|turn|5\n|inactive|galamianogi has 90 seconds left.\n|\n|t:|1769806905\n|move|p2a: Espeon|Morning Sun|p2a: Espeon\n|-heal|p2a: Espeon|215/244\n|move|p1a: Mr. Mime|Dazzling Gleam|p2a: Espeon\n|-damage|p2a: Espeon|71/244\n|\n|upkeep\n|turn|6\n|c|Ōśågalamianogi|???\n|\n|t:|1769806913\n|move|p2a: Espeon|Shadow Ball|p1a: Mr. Mime\n|-supereffective|p1a: Mr. Mime\n|-crit|p1a: Mr. Mime\n|-damage|p1a: Mr. Mime|0 fnt\n|faint|p1a: Mr. Mime\n|-damage|p2a: Espeon|47/244|[from] item: Life Orb\n|\n|upkeep\n|c|Ōśågalamianogi|die n\n|inactive|Pecoplush has 120 seconds left.\n|c|Ōśågalamianogi|and\n|\n|t:|1769806955\n|switch|p1a: Swellow|Swellow, L82, M|233/233\n|turn|7\n|\n|t:|1769806964\n|move|p1a: Swellow|Facade|p2a: Espeon\n|-damage|p2a: Espeon|0 fnt\n|faint|p2a: Espeon\n|\n|-status|p1a: Swellow|brn|[from] item: Flame Orb\n|upkeep\n|inactive|galamianogi has 90 seconds left.\n|\n|t:|1769806988\n|switch|p2a: Tsareena|Tsareena, L87, F|267/267\n|turn|8\n|inactive|Pecoplush has 120 seconds left.\n|\n|t:|1769807000\n|move|p2a: Tsareena|High Jump Kick|p1a: Swellow\n|-damage|p1a: Swellow|65/233 brn\n|move|p1a: Swellow|Brave Bird|p2a: Tsareena\n|-supereffective|p2a: Tsareena\n|-damage|p2a: Tsareena|1/267\n|-damage|p1a: Swellow|0 fnt|[from] Recoil\n|faint|p1a: Swellow\n|\n|upkeep\n|inactive|Pecoplush has 120 seconds left.\n|\n|t:|1769807026\n|switch|p1a: Blaziken|Blaziken, L78, M|228/253\n|turn|9\n|\n|t:|1769807036\n|switch|p2a: Kingdra|Kingdra, L85, F|266/266\n|move|p1a: Blaziken|Swords Dance|p1a: Blaziken\n|-boost|p1a: Blaziken|atk|2\n|\n|-ability|p1a: Blaziken|Speed Boost|boost\n|-boost|p1a: Blaziken|spe|1\n|upkeep\n|turn|10\n|\n|t:|1769807050\n|move|p1a: Blaziken|High Jump Kick|p2a: Kingdra\n|-damage|p2a: Kingdra|0 fnt\n|faint|p2a: Kingdra\n|-damage|p1a: Blaziken|203/253|[from] item: Life Orb\n|\n|-ability|p1a: Blaziken|Speed Boost|boost\n|-boost|p1a: Blaziken|spe|1\n|upkeep\n|inactive|galamianogi has 90 seconds left.\n|\n|t:|1769807069\n|switch|p2a: Gallade|Gallade, L77, M|231/231\n|turn|11\n|inactive|Pecoplush has 120 seconds left.\n|inactive|galamianogi has 90 seconds left.\n|c|Ōśågalamianogi|no skill pokemon\n|c|Ōśågalamianogi|like you\n|c|Ōśågalamianogi|clown\n|l|Ōśågalamianogi\n|inactive|galamianogi disconnected and has a minute to reconnect!\n|player|p2|\n|inactive|galamianogi has 30 seconds to reconnect!\n|inactive|galamianogi has 20 seconds to reconnect!\n|inactive|galamianogi has 15 seconds to reconnect!\n|inactive|galamianogi has 10 seconds to reconnect!\n|inactive|galamianogi has 5 seconds to reconnect!\n|-message|galamianogi lost due to inactivity.\n|\n|win|Pecoplush\n|raw|Pecoplush's rating: 1629 &rarr; <strong>1647</strong><br />(+18 for winning)\n|raw|galamianogi's rating: 1601 &rarr; <strong>1583</strong><br />(-18 for losing)\n", "inputlog": ">version b99ff0165a6231f17e8b78c2a78d1998375de664\n>start {\"formatid\":\"gen7randombattle\",\"seed\":\"sodium,fa1256a19bc3cf5a9f430c207b7a6956\",\"rated\":\"Rated battle\"}\n>player p1 {\"name\":\"Pecoplush\",\"avatar\":\"rika\",\"rating\":1629,\"seed\":\"sodium,b0527a95286bfcd25bebdfa2a64ffdba\"}\n>player p2 {\"name\":\"galamianogi\",\"avatar\":\"gladion-stance\",\"rating\":1601,\"seed\":\"sodium,e37baec623c467b2787bf7135db9d18c\"}\n>p1 move protect\n>p2 move fakeout\n>p1 move highjumpkick\n>p2 move thunderwave\n>p2 switch 4\n>p1 switch 6\n>p2 move waterfall\n>p1 move dazzlinggleam\n>p2 switch 3\n>p1 move dazzlinggleam\n>p2 move morningsun\n>chat Ōśågalamianogi|???\n>p1 move dazzlinggleam\n>p2 move shadowball\n>chat Ōśågalamianogi|die n\n>chat Ōśågalamianogi|and\n>p1 switch 2\n>p1 move facade\n>p2 move psyshock\n>p2 switch 6\n>p1 move bravebird\n>p2 move highjumpkick\n>p1 switch 6\n>p1 move swordsdance\n>p2 switch 3\n>p1 move highjumpkick\n>p2 move waterfall\n>p2 switch 5\n>chat Ōśågalamianogi|no skill pokemon\n>chat Ōśågalamianogi|like you\n>chat Ōśågalamianogi|clown\n>forcelose p2", "uploadtime": 1769807156, "views": 185, "formatid": "gen7randombattle", "rating": 1583, "private": 0, "password": null}