{"id": "gen7randombattle-2535641056", "format": "[Gen 7] Random Battle", "players": ["La.Hellhound", "verdu7"], "log": "|j|‽La.Hellhound\n|j|☆verdu7\n|t:|1770590035\n|gametype|singles\n|player|p1|La.Hellhound|bruno|1623\n|player|p2|verdu7|170|1581\n|gen|7\n|tier|[Gen 7] Random Battle\n|rated|\n|rule|Sleep Clause Mod: Limit one foe put to sleep\n|rule|HP Percentage Mod: HP is shown in percentages\n|rule|Illusion Level Mod: Illusion disguises the Pokémon's true level\n|\n|t:|1770590035\n|teamsize|p1|6\n|teamsize|p2|6\n|start\n|switch|p1a: Smeargle|Smeargle, L88, M|240/240\n|switch|p2a: Seaking|Seaking, L95, M|306/306\n|turn|1\n|inactive|Battle timer is ON: inactive players will automatically lose when time's up. (requested by La.Hellhound)\n|c|☆verdu7|xd\n|inactive|La.Hellhound has 120 seconds left.\n|\n|t:|1770590081\n|switch|p2a: Espeon|Espeon, L83, M|244/244\n|move|p1a: Smeargle|Spore|p2a: Espeon\n|move|p2a: Espeon|Spore|p1a: Smeargle|[from] ability: Magic Bounce\n|-status|p1a: Smeargle|slp|[from] move: Spore\n|\n|upkeep\n|turn|2\n|\n|t:|1770590098\n|switch|p1a: Gothitelle|Gothitelle, L91, F|275/275\n|move|p2a: Espeon|Trick|p1a: Gothitelle\n|-activate|p2a: Espeon|move: Trick|[of] p1a: Gothitelle\n|-item|p1a: Gothitelle|Choice Specs|[from] move: Trick\n|-item|p2a: Espeon|Choice Scarf|[from] move: Trick\n|\n|upkeep\n|turn|3\n|inactive|La.Hellhound has 120 seconds left.\n|\n|t:|1770590138\n|move|p2a: Espeon|Shadow Ball|p1a: Gothitelle\n|-supereffective|p1a: Gothitelle\n|-damage|p1a: Gothitelle|169/275\n|move|p1a: Gothitelle|Thunderbolt|p2a: Espeon\n|-damage|p2a: Espeon|145/244\n|\n|upkeep\n|turn|4\n|\n|t:|1770590156\n|switch|p1a: Smeargle|Smeargle, L88, M|240/240 slp\n|move|p2a: Espeon|Shadow Ball|p1a: Smeargle\n|-immune|p1a: Smeargle\n|\n|upkeep\n|turn|5\n|inactive|verdu7 has 120 seconds left.\n|\n|t:|1770590196\n|switch|p2a: Dugtrio|Dugtrio, L84, F|196/196\n|cant|p1a: Smeargle|slp\n|\n|upkeep\n|turn|6\n|inactive|verdu7 has 120 seconds left.\n|\n|t:|1770590208\n|move|p2a: Dugtrio|Stone Edge|p1a: Smeargle\n|-damage|p1a: Smeargle|74/240 slp\n|-damage|p2a: Dugtrio|177/196|[from] item: Life Orb\n|-curestatus|p1a: Smeargle|slp|[msg]\n|move|p1a: Smeargle|Spore|p2a: Dugtrio\n|-status|p2a: Dugtrio|slp|[from] move: Spore\n|\n|upkeep\n|turn|7\n|inactive|verdu7 has 120 seconds left.\n|\n|t:|1770590245\n|switch|p2a: Espeon|Espeon, L83, M|145/244\n|move|p1a: Smeargle|Nuzzle|p2a: Espeon\n|-damage|p2a: Espeon|136/244\n|-status|p2a: Espeon|par\n|\n|upkeep\n|turn|8\n|inactive|La.Hellhound has 120 seconds left.\n|inactive|verdu7 has 90 seconds left.\n|inactive|La.Hellhound has 90 seconds left.\n|\n|t:|1770590302\n|switch|p1a: Gothitelle|Gothitelle, L91, F|169/275\n|move|p2a: Espeon|Dazzling Gleam|p1a: Gothitelle\n|-damage|p1a: Gothitelle|118/275\n|\n|upkeep\n|turn|9\n|inactive|verdu7 has 90 seconds left.\n|inactive|La.Hellhound has 60 seconds left.\n|inactive|verdu7 has 60 seconds left.\n|inactive|verdu7 has 30 seconds left.\n|inactive|verdu7 has 20 seconds left.\n|inactive|verdu7 has 15 seconds left.\n|inactive|verdu7 has 10 seconds left.\n|inactive|verdu7 has 5 seconds left.\n|-message|verdu7 lost due to inactivity.\n|\n|win|La.Hellhound\n|raw|La.Hellhound's rating: 1623 &rarr; <strong>1641</strong><br />(+18 for winning)\n|raw|verdu7's rating: 1581 &rarr; <strong>1563</strong><br />(-18 for losing)\n", "inputlog": ">version ccdc32dd7cde25fd9e4bed64820e885f66e78a4e\n>start {\"formatid\":\"gen7randombattle\",\"seed\":\"sodium,b4dbc0b5b321075fcc1bf2cd164dd36f\",\"rated\":\"Rated battle\"}\n>player p1 {\"name\":\"La.Hellhound\",\"avatar\":\"bruno\",\"rating\":1623,\"seed\":\"sodium,ffdfdc4882c6c4413ac837e13eca5089\"}\n>player p2 {\"name\":\"verdu7\",\"avatar\":\"170\",\"rating\":1581,\"seed\":\"sodium,4e92b7e3b19dd14c28c06b77dbe37ccd\"}\n>chat ☆verdu7|xd\n>p1 move spore\n>p2 switch 5\n>p1 switch 4\n>p2 move trick\n>p1 move thunderbolt\n>p2 move shadowball\n>p1 switch 4\n>p2 move shadowball\n>p1 move nuzzle\n>p2 switch 4\n>p1 move spore\n>p2 move stoneedge\n>p1 move nuzzle\n>p2 switch 4\n>p1 switch 4\n>p2 move dazzlinggleam\n>forcelose p2", "uploadtime": 1770590414, "views": 197, "formatid": "gen7randombattle", "rating": 1563, "private": 0, "password": null}