{"id": "gen7randombattle-2538006017", "format": "[Gen 7] Random Battle", "players": ["Johnald714", "falinksguy122"], "log": "|j|ŌśåJohnald714\n|j|Ōśåfalinksguy122\n|t:|1770876411\n|gametype|singles\n|player|p1|Johnald714|102|1562\n|player|p2|falinksguy122|zinnia|1572\n|gen|7\n|tier|[Gen 7] Random Battle\n|rated|\n|rule|Sleep Clause Mod: Limit one foe put to sleep\n|rule|HP Percentage Mod: HP is shown in percentages\n|rule|Illusion Level Mod: Illusion disguises the Pok├®mon's true level\n|\n|t:|1770876411\n|teamsize|p1|6\n|teamsize|p2|6\n|start\n|switch|p1a: Porygon2|Porygon2, L82|274/274\n|switch|p2a: Hitmonchan|Hitmonchan, L87, M|229/229\n|-ability|p1a: Porygon2|Download|boost\n|-boost|p1a: Porygon2|atk|1\n|turn|1\n|inactive|Battle timer is ON: inactive players will automatically lose when time's up. (requested by falinksguy122)\n|c|Ōśåfalinksguy122|Gl\n|\n|t:|1770876440\n|switch|p1a: Venomoth|Venomoth, L82, F|249/249\n|move|p2a: Hitmonchan|Drain Punch|p1a: Venomoth\n|-resisted|p1a: Venomoth\n|-damage|p1a: Venomoth|191/249\n|\n|upkeep\n|turn|2\n|\n|t:|1770876457\n|switch|p2a: Scyther|Scyther, L82, M|249/249\n|move|p1a: Venomoth|Sleep Powder|p2a: Scyther\n|-status|p2a: Scyther|slp|[from] move: Sleep Powder\n|\n|upkeep\n|turn|3\n|\n|t:|1770876464\n|switch|p2a: Hitmonchan|Hitmonchan, L87, M|229/229\n|move|p1a: Venomoth|Quiver Dance|p1a: Venomoth\n|-boost|p1a: Venomoth|spa|1\n|-boost|p1a: Venomoth|spd|1\n|-boost|p1a: Venomoth|spe|1\n|\n|upkeep\n|turn|4\n|\n|t:|1770876472\n|-zpower|p1a: Venomoth\n|move|p1a: Venomoth|Savage Spin-Out|p2a: Hitmonchan|[zeffect]\n|-resisted|p2a: Hitmonchan\n|-damage|p2a: Hitmonchan|33/229\n|move|p2a: Hitmonchan|Stone Edge|p1a: Venomoth\n|-supereffective|p1a: Venomoth\n|-damage|p1a: Venomoth|0 fnt\n|faint|p1a: Venomoth\n|\n|upkeep\n|\n|t:|1770876477\n|switch|p1a: Xurkitree|Xurkitree, L80|264/264\n|turn|5\n|c|Ōśåfalinksguy122|Damn\n|c|Ōśåfalinksguy122|I didnt think would survive tinted lensi\n|\n|t:|1770876492\n|switch|p2a: Lickilicky|Lickilicky, L89, F|341/341\n|-ability|p2a: Lickilicky|Cloud Nine\n|move|p1a: Xurkitree|Energy Ball|p2a: Lickilicky\n|-damage|p2a: Lickilicky|282/341\n|\n|upkeep\n|turn|6\n|\n|t:|1770876501\n|switch|p1a: Mismagius|Mismagius, L87, F|246/246\n|move|p2a: Lickilicky|Knock Off|p1a: Mismagius\n|-supereffective|p1a: Mismagius\n|-damage|p1a: Mismagius|82/246\n|-enditem|p1a: Mismagius|Leftovers|[from] move: Knock Off|[of] p2a: Lickilicky\n|\n|upkeep\n|turn|7\n|\n|t:|1770876509\n|move|p1a: Mismagius|Will-O-Wisp|p2a: Lickilicky\n|-status|p2a: Lickilicky|brn\n|move|p2a: Lickilicky|Knock Off|p1a: Mismagius\n|-supereffective|p1a: Mismagius\n|-damage|p1a: Mismagius|17/246\n|\n|-damage|p2a: Lickilicky|261/341 brn|[from] brn\n|upkeep\n|turn|8\n|\n|t:|1770876515\n|switch|p1a: Purugly|Purugly, L89, F|271/271\n|move|p2a: Lickilicky|Knock Off|p1a: Purugly\n|-damage|p1a: Purugly|227/271\n|-enditem|p1a: Purugly|Silk Scarf|[from] move: Knock Off|[of] p2a: Lickilicky\n|\n|-damage|p2a: Lickilicky|240/341 brn|[from] brn\n|upkeep\n|turn|9\n|\n|t:|1770876520\n|switch|p2a: Hitmonchan|Hitmonchan, L87, M|33/229\n|move|p1a: Purugly|Fake Out|p2a: Hitmonchan\n|-damage|p2a: Hitmonchan|0 fnt\n|faint|p2a: Hitmonchan\n|\n|upkeep\n|\n|t:|1770876529\n|switch|p2a: Raikou|Raikou, L81|278/278\n|-ability|p2a: Raikou|Pressure\n|turn|10\n|\n|t:|1770876543\n|move|p1a: Purugly|Stomping Tantrum|p2a: Raikou\n|-supereffective|p2a: Raikou\n|-crit|p2a: Raikou\n|-damage|p2a: Raikou|90/278\n|move|p2a: Raikou|Aura Sphere|p1a: Purugly\n|-supereffective|p1a: Purugly\n|-damage|p1a: Purugly|81/271\n|\n|-heal|p2a: Raikou|107/278|[from] item: Leftovers\n|upkeep\n|turn|11\n|\n|t:|1770876556\n|switch|p2a: Scyther|Scyther, L82, M|249/249 slp\n|move|p1a: Purugly|Return|p2a: Scyther\n|-damage|p2a: Scyther|125/249 slp\n|\n|upkeep\n|turn|12\n|\n|t:|1770876569\n|move|p1a: Purugly|Return|p2a: Scyther\n|-damage|p2a: Scyther|17/249 slp\n|cant|p2a: Scyther|slp\n|\n|upkeep\n|turn|13\n|\n|t:|1770876572\n|move|p1a: Purugly|Return|p2a: Scyther\n|-damage|p2a: Scyther|0 fnt\n|faint|p2a: Scyther\n|\n|upkeep\n|\n|t:|1770876577\n|switch|p2a: Froslass|Froslass, L87, F|264/264\n|turn|14\n|\n|t:|1770876600\n|move|p1a: Purugly|Knock Off|p2a: Froslass\n|-supereffective|p2a: Froslass\n|-damage|p2a: Froslass|98/264\n|-start|p1a: Purugly|Disable|Knock Off|[from] ability: Cursed Body|[of] p2a: Froslass\n|-enditem|p2a: Froslass|Leftovers|[from] move: Knock Off|[of] p1a: Purugly\n|move|p2a: Froslass|Ice Beam|p1a: Purugly\n|-damage|p1a: Purugly|0 fnt\n|faint|p1a: Purugly\n|\n|upkeep\n|\n|t:|1770876610\n|switch|p1a: Xurkitree|Xurkitree, L80|264/264\n|turn|15\n|c|Ōśåfalinksguy122|Stupid cat\n|\n|t:|1770876621\n|move|p1a: Xurkitree|Thunderbolt|p2a: Froslass\n|-damage|p2a: Froslass|0 fnt\n|-start|p1a: Xurkitree|Disable|Thunderbolt|[from] ability: Cursed Body|[of] p2a: Froslass\n|faint|p2a: Froslass\n|-ability|p1a: Xurkitree|Beast Boost|boost\n|-boost|p1a: Xurkitree|spa|1\n|\n|upkeep\n|c|Ōśåfalinksguy122|Lmao\n|\n|t:|1770876631\n|switch|p2a: Gorebyss|Gorebyss, L85, F|231/231\n|turn|16\n|\n|t:|1770876655\n|switch|p1a: Porygon2|Porygon2, L82|274/274\n|-ability|p1a: Porygon2|Download|boost\n|-boost|p1a: Porygon2|spa|1\n|move|p2a: Gorebyss|Shell Smash|p2a: Gorebyss\n|-unboost|p2a: Gorebyss|def|1\n|-unboost|p2a: Gorebyss|spd|1\n|-boost|p2a: Gorebyss|atk|2\n|-boost|p2a: Gorebyss|spa|2\n|-boost|p2a: Gorebyss|spe|2\n|-enditem|p2a: Gorebyss|White Herb\n|-clearnegativeboost|p2a: Gorebyss|[silent]\n|\n|upkeep\n|turn|17\n|\n|t:|1770876661\n|move|p2a: Gorebyss|Hydro Pump|p1a: Porygon2|[miss]\n|-miss|p2a: Gorebyss|p1a: Porygon2\n|move|p1a: Porygon2|Discharge|p2a: Gorebyss\n|-supereffective|p2a: Gorebyss\n|-damage|p2a: Gorebyss|55/231\n|\n|upkeep\n|turn|18\n|c|Ōśåfalinksguy122|Sighs\n|c|Ōśåfalinksguy122|What the fuck is with me missing moves today lol\n|\n|t:|1770876679\n|move|p2a: Gorebyss|Hydro Pump|p1a: Porygon2\n|-damage|p1a: Porygon2|93/274\n|move|p1a: Porygon2|Discharge|p2a: Gorebyss\n|-supereffective|p2a: Gorebyss\n|-damage|p2a: Gorebyss|0 fnt\n|faint|p2a: Gorebyss\n|\n|upkeep\n|\n|t:|1770876683\n|switch|p2a: Raikou|Raikou, L81|107/278\n|-ability|p2a: Raikou|Pressure\n|turn|19\n|\n|t:|1770876696\n|move|p2a: Raikou|Aura Sphere|p1a: Porygon2\n|-supereffective|p1a: Porygon2\n|-damage|p1a: Porygon2|17/274\n|move|p1a: Porygon2|Recover|p1a: Porygon2\n|-heal|p1a: Porygon2|154/274\n|\n|-heal|p2a: Raikou|124/278|[from] item: Leftovers\n|upkeep\n|turn|20\n|\n|t:|1770876699\n|move|p2a: Raikou|Calm Mind|p2a: Raikou\n|-boost|p2a: Raikou|spa|1\n|-boost|p2a: Raikou|spd|1\n|move|p1a: Porygon2|Recover|p1a: Porygon2\n|-heal|p1a: Porygon2|274/274\n|\n|-heal|p2a: Raikou|141/278|[from] item: Leftovers\n|upkeep\n|turn|21\n|\n|t:|1770876704\n|move|p2a: Raikou|Aura Sphere|p1a: Porygon2\n|-supereffective|p1a: Porygon2\n|-damage|p1a: Porygon2|166/274\n|move|p1a: Porygon2|Tri Attack|p2a: Raikou\n|-damage|p2a: Raikou|59/278\n|\n|-heal|p2a: Raikou|76/278|[from] item: Leftovers\n|upkeep\n|turn|22\n|\n|t:|1770876708\n|move|p2a: Raikou|Aura Sphere|p1a: Porygon2\n|-supereffective|p1a: Porygon2\n|-damage|p1a: Porygon2|46/274\n|move|p1a: Porygon2|Tri Attack|p2a: Raikou\n|-damage|p2a: Raikou|1/278\n|\n|-heal|p2a: Raikou|18/278|[from] item: Leftovers\n|upkeep\n|turn|23\n|\n|t:|1770876712\n|move|p2a: Raikou|Aura Sphere|p1a: Porygon2\n|-supereffective|p1a: Porygon2\n|-damage|p1a: Porygon2|0 fnt\n|faint|p1a: Porygon2\n|\n|-heal|p2a: Raikou|35/278|[from] item: Leftovers\n|upkeep\n|c|Ōśåfalinksguy122|Gg\n|c|Ōśåfalinksguy122|I guess\n|\n|t:|1770876720\n|switch|p1a: Xurkitree|Xurkitree, L80|264/264\n|turn|24\n|\n|t:|1770876725\n|switch|p2a: Lickilicky|Lickilicky, L89, F|240/341 brn\n|-ability|p2a: Lickilicky|Cloud Nine\n|move|p1a: Xurkitree|Hidden Power|p2a: Lickilicky\n|-damage|p2a: Lickilicky|203/341 brn\n|\n|-damage|p2a: Lickilicky|182/341 brn|[from] brn\n|upkeep\n|turn|25\n|\n|t:|1770876740\n|switch|p1a: Mismagius|Mismagius, L87, F|17/246\n|move|p2a: Lickilicky|Power Whip|p1a: Mismagius\n|-damage|p1a: Mismagius|0 fnt\n|faint|p1a: Mismagius\n|\n|-damage|p2a: Lickilicky|161/341 brn|[from] brn\n|upkeep\n|\n|t:|1770876742\n|switch|p1a: Pelipper|Pelipper, L87, M|246/246\n|-weather|RainDance|[from] ability: Drizzle|[of] p1a: Pelipper\n|turn|26\n|\n|t:|1770876756\n|move|p1a: Pelipper|Hydro Pump|p2a: Lickilicky\n|-damage|p2a: Lickilicky|56/341 brn\n|move|p2a: Lickilicky|Body Slam|p1a: Pelipper\n|-damage|p1a: Pelipper|204/246\n|\n|-weather|RainDance|[upkeep]\n|-damage|p2a: Lickilicky|35/341 brn|[from] brn\n|upkeep\n|turn|27\n|\n|t:|1770876761\n|move|p1a: Pelipper|Hydro Pump|p2a: Lickilicky\n|-damage|p2a: Lickilicky|0 fnt\n|faint|p2a: Lickilicky\n|\n|-weather|RainDance|[upkeep]\n|upkeep\n|\n|t:|1770876762\n|switch|p2a: Raikou|Raikou, L81|35/278\n|-ability|p2a: Raikou|Pressure\n|turn|28\n|\n|t:|1770876764\n|move|p2a: Raikou|Thunderbolt|p1a: Pelipper\n|-supereffective|p1a: Pelipper\n|-damage|p1a: Pelipper|0 fnt\n|faint|p1a: Pelipper\n|\n|-weather|RainDance|[upkeep]\n|-heal|p2a: Raikou|52/278|[from] item: Leftovers\n|upkeep\n|\n|t:|1770876766\n|switch|p1a: Xurkitree|Xurkitree, L80|264/264\n|turn|29\n|c|Ōśåfalinksguy122|If only the stupid hydro pump didnt misss gosh dangit\n|c|Ōśåfalinksguy122|Gg wp\n|\n|t:|1770876786\n|move|p1a: Xurkitree|Energy Ball|p2a: Raikou\n|-damage|p2a: Raikou|0 fnt\n|faint|p2a: Raikou\n|\n|win|Johnald714\n|raw|Johnald714's rating: 1562 &rarr; <strong>1583</strong><br />(+21 for winning)\n|raw|falinksguy122's rating: 1572 &rarr; <strong>1551</strong><br />(-21 for losing)\n|l|Ōśåfalinksguy122\n|player|p2|\n", "inputlog": ">version ccdc32dd7cde25fd9e4bed64820e885f66e78a4e\n>start {\"formatid\":\"gen7randombattle\",\"seed\":\"sodium,904198f9e2fa9870d3c2bbf1e0f8262d\",\"rated\":\"Rated battle\"}\n>player p1 {\"name\":\"Johnald714\",\"avatar\":\"102\",\"rating\":1562,\"seed\":\"sodium,a3cbc8b1e1bb70f011724f8ce7543737\"}\n>player p2 {\"name\":\"falinksguy122\",\"avatar\":\"zinnia\",\"rating\":1572,\"seed\":\"sodium,4e31403f04f53185803f92ce785cf7ed\"}\n>chat Ōśåfalinksguy122|Gl\n>p1 switch 5\n>p2 move drainpunch\n>p1 move sleeppowder\n>p2 switch 3\n>p1 move quiverdance\n>p2 switch 3\n>p1 move bugbuzz zmove\n>p2 move stoneedge\n>p1 switch 4\n>chat Ōśåfalinksguy122|Damn\n>chat Ōśåfalinksguy122|I didnt think would survive tinted lensi\n>p1 move energyball\n>p2 switch 5\n>p1 switch 6\n>p2 move knockoff\n>p1 move willowisp\n>p2 move knockoff\n>p1 switch 2\n>p2 move knockoff\n>p1 move fakeout\n>p2 switch 5\n>p2 switch 2\n>p1 move stompingtantrum\n>p2 move aurasphere\n>p1 move return\n>p2 switch 3\n>p1 move return\n>p2 move brickbreak\n>p1 move return\n>p2 move brickbreak\n>p2 switch 4\n>p1 move knockoff\n>p2 move icebeam\n>p1 switch 6\n>chat Ōśåfalinksguy122|Stupid cat\n>p1 move thunderbolt\n>p2 move shadowball\n>chat Ōśåfalinksguy122|Lmao\n>p2 switch 6\n>p1 switch 5\n>p2 move shellsmash\n>p1 move discharge\n>p2 move hydropump\n>chat Ōśåfalinksguy122|Sighs\n>chat Ōśåfalinksguy122|What the fuck is with me missing moves today lol\n>p1 move discharge\n>p2 move hydropump\n>p2 switch 3\n>p1 move recover\n>p2 move aurasphere\n>p1 move recover\n>p2 move calmmind\n>p1 move triattack\n>p2 move aurasphere\n>p1 move triattack\n>p2 move aurasphere\n>p1 move triattack\n>p2 move aurasphere\n>chat Ōśåfalinksguy122|Gg\n>chat Ōśåfalinksguy122|I guess\n>p1 switch 5\n>p1 move hiddenpower\n>p2 switch 5\n>p1 switch 2\n>p2 move powerwhip\n>p1 switch 3\n>p1 move hydropump\n>p2 move bodyslam\n>p1 move hydropump\n>p2 move bodyslam\n>p2 switch 5\n>p1 move hydropump\n>p2 move thunderbolt\n>p1 switch 2\n>chat Ōśåfalinksguy122|If only the stupid hydro pump didnt misss gosh dangit\n>chat Ōśåfalinksguy122|Gg wp\n>p1 move energyball\n>p2 move aurasphere", "uploadtime": 1770876812, "views": 229, "formatid": "gen7randombattle", "rating": 1551, "private": 0, "password": null}