{"id": "gen9doublesou-2540652377", "format": "[Gen 9] Doubles OU", "players": ["magicbrosm", "IŌØż’ĖÅÕ©£ń”äforever"], "log": "|j|Ōśåmagicbrosm\n|j|ŌśåIŌØż’ĖÅÕ©£ń”äforever\n|t:|1771234507\n|gametype|doubles\n|player|p1|magicbrosm|gambler|1553\n|player|p2|IŌØż’ĖÅÕ©£ń”äforever|youngcouple-gen4dp|1498\n|gen|9\n|tier|[Gen 9] Doubles OU\n|rated|\n|rule|HP Percentage Mod: HP is shown in percentages\n|rule|Endless Battle Clause: Forcing endless battles is banned\n|rule|Species Clause: Limit one of each Pok├®mon\n|rule|OHKO Clause: OHKO moves are banned\n|rule|Evasion Moves Clause: Evasion moves are banned\n|rule|Gravity Sleep Clause: The combination of sleep-inducing moves with imperfect accuracy and Gravity or Gigantamax Orbeetle are banned\n|rule|Evasion Abilities Clause: Evasion abilities are banned\n|clearpoke\n|poke|p1|Shiftry, M|\n|poke|p1|Oricorio-Sensu, F|\n|poke|p1|Volcarona, M|\n|poke|p1|Ting-Lu|\n|poke|p1|Kommo-o, F|\n|poke|p1|Cresselia, F|\n|poke|p2|Pincurchin, M|\n|poke|p2|Iron Hands|\n|poke|p2|Iron Boulder|\n|poke|p2|Weezing, M|\n|poke|p2|Iron Jugulis|\n|poke|p2|Iron Moth|\n|teampreview\n|\n|t:|1771234517\n|teamsize|p1|6\n|teamsize|p2|6\n|start\n|switch|p1a: Tengu|Shiftry, M|100/100\n|switch|p1b: Sen|Oricorio-Sensu, F, shiny|100/100\n|switch|p2a: Weezing|Weezing, M|100/100\n|switch|p2b: Iron Hands|Iron Hands|100/100\n|-ability|p2a: Weezing|Neutralizing Gas\n|turn|1\n|inactive|Battle timer is ON: inactive players will automatically lose when time's up. (requested by magicbrosm)\n|\n|t:|1771234553\n|move|p1a: Tengu|Fake Out|p2a: Weezing\n|-damage|p2a: Weezing|90/100\n|move|p2b: Iron Hands|Fake Out|p1a: Tengu\n|-damage|p1a: Tengu|80/100\n|move|p1b: Sen|Tailwind|p1b: Sen\n|-sidestart|p1: magicbrosm|move: Tailwind\n|cant|p2a: Weezing|flinch\n|\n|-heal|p2a: Weezing|96/100|[from] item: Leftovers\n|upkeep\n|turn|2\n|\n|t:|1771234564\n|move|p1b: Sen|Revelation Dance|p2a: Weezing\n|-damage|p2a: Weezing|57/100\n|move|p1a: Tengu|Knock Off|p2a: Weezing\n|-damage|p2a: Weezing|19/100\n|-enditem|p2a: Weezing|Leftovers|[from] move: Knock Off|[of] p1a: Tengu\n|move|p2a: Weezing|Substitute|p2a: Weezing\n|-fail|p2a: Weezing|move: Substitute|[weak]\n|move|p2b: Iron Hands|Drain Punch|p1a: Tengu\n|-supereffective|p1a: Tengu\n|-damage|p1a: Tengu|0 fnt\n|faint|p1a: Tengu\n|\n|upkeep\n|\n|t:|1771234578\n|switch|p1a: Leonidas|Ting-Lu|100/100\n|turn|3\n|\n|t:|1771234586\n|-end|p2b: Iron Hands|Quark Drive|[silent]\n|switch|p2b: Iron Jugulis|Iron Jugulis|100/100\n|move|p2a: Weezing|Protect|p2a: Weezing\n|-singleturn|p2a: Weezing|Protect\n|move|p1b: Sen|Revelation Dance|p2a: Weezing\n|-activate|p2a: Weezing|move: Protect\n|move|p1a: Leonidas|Stealth Rock|p2a: Weezing\n|-sidestart|p2: IŌØż’ĖÅÕ©£ń”äforever|move: Stealth Rock\n|\n|upkeep\n|turn|4\n|\n|t:|1771234601\n|move|p1b: Sen|Revelation Dance|p2a: Weezing\n|-damage|p2a: Weezing|0 fnt\n|faint|p2a: Weezing\n|-end|p2a: Weezing|ability: Neutralizing Gas\n|-ability|p1a: Leonidas|Vessel of Ruin\n|move|p2b: Iron Jugulis|Snarl|p1a: Leonidas|[spread] p1a,p1b\n|-resisted|p1a: Leonidas\n|-supereffective|p1b: Sen\n|-damage|p1a: Leonidas|92/100\n|-damage|p1b: Sen|35/100\n|-unboost|p1a: Leonidas|spa|1\n|-unboost|p1b: Sen|spa|1\n|-enditem|p1a: Leonidas|Red Card|[of] p2b: Iron Jugulis\n|-end|p2b: Iron Jugulis|Quark Drive|[silent]\n|drag|p2b: Iron Moth|Iron Moth|100/100\n|-damage|p2b: Iron Moth|75/100|[from] Stealth Rock\n|move|p1a: Leonidas|Whirlwind|p2b: Iron Moth\n|-end|p2b: Iron Moth|Quark Drive|[silent]\n|drag|p2b: Iron Jugulis|Iron Jugulis|100/100\n|-damage|p2b: Iron Jugulis|75/100|[from] Stealth Rock\n|\n|-sideend|p1: magicbrosm|move: Tailwind\n|upkeep\n|inactive|IŌØż’ĖÅÕ©£ń”äforever has 120 seconds left.\n|\n|t:|1771234627\n|switch|p2a: Pincurchin|Pincurchin, M|100/100\n|-damage|p2a: Pincurchin|88/100|[from] Stealth Rock\n|-fieldstart|move: Electric Terrain|[from] ability: Electric Surge|[of] p2a: Pincurchin\n|-activate|p2b: Iron Jugulis|ability: Quark Drive\n|-start|p2b: Iron Jugulis|quarkdrivespe\n|turn|5\n|\n|t:|1771234640\n|move|p2b: Iron Jugulis|Snarl|p1a: Leonidas|[spread] p1a,p1b\n|-resisted|p1a: Leonidas\n|-supereffective|p1b: Sen\n|-damage|p1a: Leonidas|84/100\n|-damage|p1b: Sen|0 fnt\n|-unboost|p1a: Leonidas|spa|1\n|faint|p1b: Sen\n|move|p2a: Pincurchin|Liquidation|p1a: Leonidas\n|-supereffective|p1a: Leonidas\n|-damage|p1a: Leonidas|59/100\n|-unboost|p1a: Leonidas|def|1\n|move|p1a: Leonidas|Whirlwind|p2b: Iron Jugulis\n|-end|p2b: Iron Jugulis|Quark Drive|[silent]\n|drag|p2b: Iron Hands|Iron Hands|100/100\n|-damage|p2b: Iron Hands|94/100|[from] Stealth Rock\n|-activate|p2b: Iron Hands|ability: Quark Drive\n|-start|p2b: Iron Hands|quarkdriveatk\n|\n|upkeep\n|\n|t:|1771234647\n|switch|p1b: Mononoke|Cresselia, F, shiny|100/100\n|turn|6\n|\n|t:|1771234661\n|switch|p1a: Hero|Kommo-o, F, shiny|100/100\n|move|p1b: Mononoke|Icy Wind|p2a: Pincurchin|[spread] p2a,p2b\n|-damage|p2a: Pincurchin|77/100\n|-damage|p2b: Iron Hands|88/100\n|-unboost|p2a: Pincurchin|spe|1\n|-unboost|p2b: Iron Hands|spe|1\n|-enditem|p2a: Pincurchin|Eject Button\n|\n|t:|1771234682\n|switch|p2a: Iron Moth|Iron Moth|75/100\n|-damage|p2a: Iron Moth|50/100|[from] Stealth Rock\n|-enditem|p2a: Iron Moth|Electric Seed\n|-boost|p2a: Iron Moth|def|1|[from] item: Electric Seed\n|-activate|p2a: Iron Moth|ability: Quark Drive\n|-start|p2a: Iron Moth|quarkdrivespa\n|move|p2b: Iron Hands|Drain Punch|p1a: Hero\n|-damage|p1a: Hero|55/100\n|-heal|p2b: Iron Hands|100/100|[from] drain|[of] p1a: Hero\n|\n|-heal|p1a: Hero|61/100|[from] item: Leftovers\n|upkeep\n|turn|7\n|\n|t:|1771234701\n|move|p1a: Hero|Protect|p1a: Hero\n|-singleturn|p1a: Hero|Protect\n|move|p2b: Iron Hands|Fake Out||[still]\n|-hint|Fake Out only works on your first turn out.\n|-fail|p2b: Iron Hands\n|move|p2a: Iron Moth|Heat Wave|p1b: Mononoke|[spread] p1b\n|-activate|p1a: Hero|move: Protect\n|-crit|p1b: Mononoke\n|-damage|p1b: Mononoke|57/100\n|move|p1b: Mononoke|Icy Wind|p2b: Iron Hands|[spread] p2a,p2b\n|-resisted|p2a: Iron Moth\n|-damage|p2a: Iron Moth|47/100\n|-damage|p2b: Iron Hands|95/100\n|-unboost|p2a: Iron Moth|spe|1\n|-unboost|p2b: Iron Hands|spe|1\n|\n|-heal|p1a: Hero|67/100|[from] item: Leftovers\n|-heal|p1b: Mononoke|64/100|[from] item: Leftovers\n|upkeep\n|turn|8\n|\n|t:|1771234717\n|move|p1a: Hero|Clangorous Soul|p1a: Hero\n|-boost|p1a: Hero|atk|1\n|-boost|p1a: Hero|def|1\n|-boost|p1a: Hero|spa|1\n|-boost|p1a: Hero|spd|1\n|-boost|p1a: Hero|spe|1\n|-damage|p1a: Hero|34/100\n|move|p1b: Mononoke|Psych Up|p1a: Hero\n|-copyboost|p1b: Mononoke|p1a: Hero|[from] move: Psych Up\n|move|p2a: Iron Moth|Heat Wave|p1a: Hero|[spread] p1a,p1b\n|-resisted|p1a: Hero\n|-crit|p1b: Mononoke\n|-damage|p1a: Hero|18/100\n|-damage|p1b: Mononoke|16/100\n|move|p2b: Iron Hands|Drain Punch|p1a: Hero\n|-damage|p1a: Hero|0 fnt\n|-heal|p2b: Iron Hands|100/100|[from] drain|[of] p1a: Hero\n|faint|p1a: Hero\n|\n|-heal|p1b: Mononoke|22/100|[from] item: Leftovers\n|upkeep\n|\n|t:|1771234723\n|switch|p1a: Leonidas|Ting-Lu|59/100\n|-ability|p1a: Leonidas|Vessel of Ruin\n|turn|9\n|\n|t:|1771234745\n|move|p2a: Iron Moth|Protect|p2a: Iron Moth\n|-singleturn|p2a: Iron Moth|Protect\n|move|p1b: Mononoke|Lunar Blessing|p1b: Mononoke|[spread] p1a,p1b\n|-heal|p1a: Leonidas|84/100\n|-heal|p1b: Mononoke|47/100\n|move|p2b: Iron Hands|Thunder Punch|p1b: Mononoke\n|-damage|p1b: Mononoke|19/100\n|move|p1a: Leonidas|Whirlwind|p2a: Iron Moth\n|-end|p2a: Iron Moth|Quark Drive|[silent]\n|drag|p2a: Pincurchin|Pincurchin, M|77/100\n|-damage|p2a: Pincurchin|64/100|[from] Stealth Rock\n|\n|-heal|p1b: Mononoke|26/100|[from] item: Leftovers\n|-fieldend|move: Electric Terrain\n|-end|p2b: Iron Hands|Quark Drive\n|upkeep\n|turn|10\n|\n|t:|1771234771\n|move|p1b: Mononoke|Stored Power|p2b: Iron Hands\n|-supereffective|p2b: Iron Hands\n|-damage|p2b: Iron Hands|44/100\n|move|p2b: Iron Hands|Thunder Punch|p1b: Mononoke\n|-damage|p1b: Mononoke|12/100\n|move|p2a: Pincurchin|Zing Zap|p1b: Mononoke\n|-damage|p1b: Mononoke|0 fnt\n|faint|p1b: Mononoke\n|move|p1a: Leonidas|Whirlwind|p2a: Pincurchin\n|drag|p2a: Iron Jugulis|Iron Jugulis|75/100\n|-damage|p2a: Iron Jugulis|50/100|[from] Stealth Rock\n|\n|upkeep\n|\n|t:|1771234780\n|switch|p1b: Mothra|Volcarona, M|100/100\n|turn|11\n|\n|t:|1771234791\n|move|p2a: Iron Jugulis|Air Slash|p1b: Mothra\n|-supereffective|p1b: Mothra\n|-damage|p1b: Mothra|29/100\n|move|p1b: Mothra|Quiver Dance|p1b: Mothra\n|-boost|p1b: Mothra|spa|1\n|-boost|p1b: Mothra|spd|1\n|-boost|p1b: Mothra|spe|1\n|move|p2b: Iron Hands|Drain Punch|p1a: Leonidas\n|-supereffective|p1a: Leonidas\n|-damage|p1a: Leonidas|52/100\n|-heal|p2b: Iron Hands|60/100|[from] drain|[of] p1a: Leonidas\n|move|p1a: Leonidas|Whirlwind|p2a: Iron Jugulis\n|-end|p2a: Iron Jugulis|Quark Drive|[silent]\n|drag|p2a: Iron Boulder|Iron Boulder|100/100\n|-damage|p2a: Iron Boulder|88/100|[from] Stealth Rock\n|\n|-heal|p1b: Mothra|35/100|[from] item: Leftovers\n|upkeep\n|turn|12\n|\n|t:|1771234821\n|-end|p2b: Iron Hands|Quark Drive|[silent]\n|switch|p2b: Pincurchin|Pincurchin, M|64/100\n|-damage|p2b: Pincurchin|52/100|[from] Stealth Rock\n|-fieldstart|move: Electric Terrain|[from] ability: Electric Surge|[of] p2b: Pincurchin\n|-activate|p2a: Iron Boulder|ability: Quark Drive\n|-start|p2a: Iron Boulder|quarkdrivespe\n|-terastallize|p1b: Mothra|Grass\n|move|p2a: Iron Boulder|Mighty Cleave|p1b: Mothra\n|-damage|p1b: Mothra|0 fnt\n|faint|p1b: Mothra\n|move|p1a: Leonidas|Body Press|p2b: Pincurchin\n|-damage|p2b: Pincurchin|15/100\n|\n|upkeep\n|turn|13\n|-message|magicbrosm forfeited.\n|\n|win|IŌØż’ĖÅÕ©£ń”äforever\n|raw|magicbrosm's rating: 1553 &rarr; <strong>1530</strong><br />(-23 for losing)\n|raw|IŌØż’ĖÅÕ©£ń”äforever's rating: 1498 &rarr; <strong>1521</strong><br />(+23 for winning)\n|l|Ōśåmagicbrosm\n|player|p1|\n", "uploadtime": 1771235135, "views": 16, "formatid": "gen9doublesou", "rating": 1521, "private": 0, "password": null}