{"id": "gen9doublesou-2540753189", "format": "[Gen 9] Doubles OU", "players": ["enexis", "Poly love"], "log": "|badge|p2|bronze|gen9doublesou|100-8\n|uhtml|medal-msg|<div class=\"broadcast-blue\">Curious what those medals under the avatar are? PS now has Ladder Seasons! For more information, check out the <a href=\"https://www.smogon.com/forums/threads/3740067/\">thread on Smogon.</a></div>\n|j|☆enexis\n|j|☆Poly love\n|t:|1771249969\n|gametype|doubles\n|player|p1|enexis|2|1678\n|player|p2|Poly love|marnie-masters2|1825\n|gen|9\n|tier|[Gen 9] Doubles OU\n|rated|\n|rule|HP Percentage Mod: HP is shown in percentages\n|rule|Endless Battle Clause: Forcing endless battles is banned\n|rule|Species Clause: Limit one of each Pokémon\n|rule|OHKO Clause: OHKO moves are banned\n|rule|Evasion Moves Clause: Evasion moves are banned\n|rule|Gravity Sleep Clause: The combination of sleep-inducing moves with imperfect accuracy and Gravity or Gigantamax Orbeetle are banned\n|rule|Evasion Abilities Clause: Evasion abilities are banned\n|clearpoke\n|poke|p1|Grimmsnarl, M|\n|poke|p1|Sneasler, F|\n|poke|p1|Milotic, M|\n|poke|p1|Pelipper, M|\n|poke|p1|Bruxish, M|\n|poke|p1|Kilowattrel, F|\n|poke|p2|Tyranitar, M|\n|poke|p2|Ting-Lu|\n|poke|p2|Orthworm, F|\n|poke|p2|Houndstone, M|\n|poke|p2|Chien-Pao|\n|poke|p2|Glimmora, M|\n|teampreview\n|\n|t:|1771249996\n|teamsize|p1|6\n|teamsize|p2|6\n|start\n|switch|p1a: Grimmsnarl|Grimmsnarl, M|100/100\n|switch|p1b: Sneasler|Sneasler, F|100/100\n|switch|p2a: Spinner ball|Glimmora, M|100/100\n|switch|p2b: Migajas|Orthworm, F|100/100\n|turn|1\n|inactive|Battle timer is ON: inactive players will automatically lose when time's up. (requested by enexis)\n|c|☆enexis|glhf\n|\n|t:|1771250008\n|move|p1a: Grimmsnarl|Swagger|p2a: Spinner ball\n|-boost|p2a: Spinner ball|atk|2\n|-start|p2a: Spinner ball|confusion\n|-enditem|p1b: Sneasler|Mirror Herb\n|-boost|p1b: Sneasler|atk|2|[from] item: Mirror Herb\n|-enditem|p1a: Grimmsnarl|Mirror Herb\n|-boost|p1a: Grimmsnarl|atk|2|[from] item: Mirror Herb\n|move|p1b: Sneasler|Close Combat|p2b: Migajas\n|-supereffective|p2b: Migajas\n|-damage|p2b: Migajas|0 fnt\n|-unboost|p1b: Sneasler|def|1\n|-unboost|p1b: Sneasler|spd|1\n|faint|p2b: Migajas\n|-activate|p2a: Spinner ball|confusion\n|-damage|p2a: Spinner ball|88/100|[from] confusion\n|\n|upkeep\n|\n|t:|1771250025\n|switch|p2b: Stalling power|Ting-Lu|100/100\n|-ability|p2b: Stalling power|Vessel of Ruin\n|turn|2\n|\n|t:|1771250032\n|-terastallize|p2b: Stalling power|Ghost\n|move|p1b: Sneasler|Close Combat|p2a: Spinner ball\n|-damage|p2a: Spinner ball|0 fnt\n|-unboost|p1b: Sneasler|def|1\n|-unboost|p1b: Sneasler|spd|1\n|-activate|p2a: Spinner ball|ability: Toxic Debris\n|-sidestart|p1: enexis|move: Toxic Spikes\n|faint|p2a: Spinner ball\n|move|p1a: Grimmsnarl|Spirit Break|p2b: Stalling power\n|-damage|p2b: Stalling power|61/100\n|-unboost|p2b: Stalling power|spa|1\n|move|p2b: Stalling power|Earthquake|p1b: Sneasler|[spread] p1a,p1b\n|-supereffective|p1b: Sneasler\n|-crit|p1b: Sneasler\n|-damage|p1a: Grimmsnarl|55/100\n|-damage|p1b: Sneasler|0 fnt\n|faint|p1b: Sneasler\n|\n|-heal|p2b: Stalling power|67/100|[from] item: Leftovers\n|upkeep\n|\n|t:|1771250051\n|switch|p1b: Pelipper|Pelipper, M|100/100\n|switch|p2a: Godzilla|Tyranitar, M|100/100\n|-weather|Sandstorm|[from] ability: Sand Stream|[of] p2a: Godzilla\n|-weather|RainDance|[from] ability: Drizzle|[of] p1b: Pelipper\n|turn|3\n|\n|t:|1771250074\n|switch|p2b: Bite ice|Chien-Pao|100/100\n|-ability|p2b: Bite ice|Sword of Ruin\n|move|p2a: Godzilla|Rock Slide|p1b: Pelipper|[spread] p1b\n|-miss|p2a: Godzilla|p1a: Grimmsnarl\n|-supereffective|p1b: Pelipper\n|-damage|p1b: Pelipper|0 fnt\n|faint|p1b: Pelipper\n|move|p1a: Grimmsnarl|Crunch|p2b: Bite ice\n|-resisted|p2b: Bite ice\n|-damage|p2b: Bite ice|45/100\n|\n|-weather|RainDance|[upkeep]\n|upkeep\n|\n|t:|1771250084\n|switch|p1b: Milotic|Milotic, M|100/100\n|-status|p1b: Milotic|psn\n|turn|4\n|l|☆Poly love\n|inactive|Poly love disconnected and has a minute to reconnect!\n|player|p2|\n|inactive|Poly love has 30 seconds to reconnect!\n|inactive|Poly love has 20 seconds to reconnect!\n|inactive|Poly love has 15 seconds to reconnect!\n|inactive|Poly love has 10 seconds to reconnect!\n|inactive|Poly love has 5 seconds to reconnect!\n|-message|Poly love lost due to inactivity.\n|\n|win|enexis\n|raw|enexis's rating: 1678 &rarr; <strong>1706</strong><br />(+28 for winning)\n|raw|Poly love's rating: 1825 &rarr; <strong>1797</strong><br />(-28 for losing)\n|l|☆enexis\n|player|p1|\n|j|☆Poly love\n|player|p2|Poly love|marnie-masters2|\n|l|☆Poly love\n|player|p2|\n", "uploadtime": 1771250517, "views": 6, "formatid": "gen9doublesou", "rating": 1706, "private": 0, "password": null}