{"id": "gen9randombattle-2540626094", "format": "[Gen 9] Random Battle", "players": ["Hihylive1", "aka_wadey"], "log": "|j|☆Hihylive1\n|j|‽aka_wadey\n|t:|1771229785\n|gametype|singles\n|player|p1|Hihylive1|flannery|1790\n|player|p2|aka_wadey|265|1747\n|gen|9\n|tier|[Gen 9] Random Battle\n|rated|\n|rule|Species Clause: Limit one of each Pokémon\n|rule|HP Percentage Mod: HP is shown in percentages\n|rule|Sleep Clause Mod: Limit one foe put to sleep\n|rule|Illusion Level Mod: Illusion disguises the Pokémon's true level\n|\n|t:|1771229785\n|teamsize|p1|6\n|teamsize|p2|6\n|start\n|switch|p1a: Exeggutor|Exeggutor-Alola, L89, M|314/314\n|switch|p2a: Feraligatr|Feraligatr, L79, F|264/264\n|-item|p2a: Feraligatr|Life Orb|[from] ability: Frisk|[of] p1a: Exeggutor\n|turn|1\n|\n|t:|1771229807\n|switch|p1a: Pachirisu|Pachirisu, L96, M|271/271\n|move|p2a: Feraligatr|Ice Punch|p1a: Pachirisu\n|-damage|p1a: Pachirisu|184/271\n|\n|upkeep\n|turn|2\n|\n|t:|1771229815\n|switch|p2a: Skuntank|Skuntank, L84, M|310/310\n|move|p1a: Pachirisu|Encore||[still]\n|-fail|p1a: Pachirisu\n|\n|upkeep\n|turn|3\n|\n|t:|1771229819\n|move|p1a: Pachirisu|Super Fang|p2a: Skuntank\n|-damage|p2a: Skuntank|155/310\n|move|p2a: Skuntank|Knock Off|p1a: Pachirisu\n|-damage|p1a: Pachirisu|85/271\n|-enditem|p1a: Pachirisu|Heavy-Duty Boots|[from] move: Knock Off|[of] p2a: Skuntank\n|\n|upkeep\n|turn|4\n|\n|t:|1771229832\n|move|p1a: Pachirisu|Discharge|p2a: Skuntank\n|-damage|p2a: Skuntank|103/310\n|move|p2a: Skuntank|Gunk Shot|p1a: Pachirisu|[miss]\n|-miss|p2a: Skuntank|p1a: Pachirisu\n|\n|upkeep\n|turn|5\n|\n|t:|1771229841\n|move|p2a: Skuntank|Sucker Punch|p1a: Pachirisu\n|-damage|p1a: Pachirisu|18/271\n|move|p1a: Pachirisu|Discharge|p2a: Skuntank\n|-damage|p2a: Skuntank|45/310\n|\n|upkeep\n|turn|6\n|\n|t:|1771229845\n|move|p1a: Pachirisu|Encore|p2a: Skuntank\n|-start|p2a: Skuntank|Encore\n|move|p2a: Skuntank|Sucker Punch||[still]\n|-fail|p2a: Skuntank\n|\n|upkeep\n|turn|7\n|\n|t:|1771229859\n|move|p2a: Skuntank|Sucker Punch||[still]\n|-fail|p2a: Skuntank\n|move|p1a: Pachirisu|Encore||[still]\n|-fail|p1a: Pachirisu\n|\n|upkeep\n|turn|8\n|\n|t:|1771229865\n|move|p2a: Skuntank|Sucker Punch||[still]\n|-fail|p2a: Skuntank\n|move|p1a: Pachirisu|Encore||[still]\n|-fail|p1a: Pachirisu\n|\n|-end|p2a: Skuntank|Encore\n|upkeep\n|turn|9\n|\n|t:|1771229870\n|move|p2a: Skuntank|Sucker Punch||[still]\n|-fail|p2a: Skuntank\n|move|p1a: Pachirisu|Encore|p2a: Skuntank\n|-start|p2a: Skuntank|Encore\n|\n|upkeep\n|turn|10\n|\n|t:|1771229880\n|move|p2a: Skuntank|Sucker Punch||[still]\n|-fail|p2a: Skuntank\n|move|p1a: Pachirisu|Encore||[still]\n|-fail|p1a: Pachirisu\n|\n|upkeep\n|turn|11\n|\n|t:|1771229901\n|switch|p2a: Espathra|Espathra, L80, M|283/283\n|move|p1a: Pachirisu|Super Fang|p2a: Espathra\n|-damage|p2a: Espathra|142/283\n|\n|upkeep\n|turn|12\n|\n|t:|1771229910\n|move|p1a: Pachirisu|U-turn|p2a: Espathra\n|-supereffective|p2a: Espathra\n|-crit|p2a: Espathra\n|-damage|p2a: Espathra|0 fnt\n|faint|p2a: Espathra\n|l|‽aka_wadey\n|player|p2|\n|\n|t:|1771229926\n|switch|p1a: Comfey|Comfey, L85, M|225/225|[from] U-turn\n|\n|upkeep\n|inactive|Battle timer is ON: inactive players will automatically lose when time's up. (requested by Hihylive1)\n|inactive|aka_wadey has 30 seconds to reconnect!\n|inactive|aka_wadey has 20 seconds to reconnect!\n|inactive|aka_wadey has 15 seconds to reconnect!\n|inactive|aka_wadey has 10 seconds to reconnect!\n|inactive|aka_wadey has 5 seconds to reconnect!\n|-message|aka_wadey lost due to inactivity.\n|\n|win|Hihylive1\n|raw|Hihylive1's rating: 1790 &rarr; <strong>1808</strong><br />(+18 for winning)\n|raw|aka_wadey's rating: 1747 &rarr; <strong>1729</strong><br />(-18 for losing)\n|l|☆Hihylive1\n|player|p1|\n|j|☆Hihylive1\n|player|p1|Hihylive1|flannery|\n", "inputlog": ">version 686819e5e19f8a7fd2345cfc5a08a5085efa2cc3\n>start {\"formatid\":\"gen9randombattle\",\"seed\":\"sodium,8b364ca84769d36127dcb403d8278f6a\",\"rated\":\"Rated battle\"}\n>player p1 {\"name\":\"Hihylive1\",\"avatar\":\"flannery\",\"rating\":1790,\"seed\":\"sodium,0bcf4c3f21fb6116558a177470168159\"}\n>player p2 {\"name\":\"aka_wadey\",\"avatar\":\"265\",\"rating\":1747,\"seed\":\"sodium,89f032434baf6f7033d205b12261bd66\"}\n>p1 switch 5\n>p2 move icepunch\n>p1 move encore\n>p2 switch 3\n>p1 move superfang\n>p2 move knockoff\n>p1 move discharge\n>p2 move gunkshot\n>p1 move discharge\n>p2 move suckerpunch\n>p1 move encore\n>p2 move knockoff\n>p1 move encore\n>p2 move suckerpunch\n>p1 move encore\n>p2 move suckerpunch\n>p1 move encore\n>p2 move suckerpunch\n>p1 move encore\n>p2 move suckerpunch\n>p1 move superfang\n>p2 switch 4\n>p1 move uturn\n>p2 move luminacrash\n>p1 switch 3\n>forcelose p2", "uploadtime": 1771230009, "views": 21, "formatid": "gen9randombattle", "rating": 1729, "private": 0, "password": null}