{"id": "gen9randombattle-2540448898", "format": "[Gen 9] Random Battle", "players": ["Lemonlimewater", "gingerlike"], "log": "|j|☆Lemonlimewater\n|j|☆gingerlike\n|t:|1771203354\n|gametype|singles\n|player|p1|Lemonlimewater|1|1533\n|player|p2|gingerlike|102|1554\n|gen|9\n|tier|[Gen 9] Random Battle\n|rated|\n|rule|Species Clause: Limit one of each Pokémon\n|rule|HP Percentage Mod: HP is shown in percentages\n|rule|Sleep Clause Mod: Limit one foe put to sleep\n|rule|Illusion Level Mod: Illusion disguises the Pokémon's true level\n|\n|t:|1771203354\n|teamsize|p1|6\n|teamsize|p2|6\n|start\n|switch|p1a: Chi-Yu|Chi-Yu, L77|211/211\n|switch|p2a: Ninetales|Ninetales, L85, F|263/263\n|-weather|SunnyDay|[from] ability: Drought|[of] p2a: Ninetales\n|-ability|p1a: Chi-Yu|Beads of Ruin\n|turn|1\n|inactive|Battle timer is ON: inactive players will automatically lose when time's up. (requested by gingerlike)\n|inactive|gingerlike has 120 seconds left.\n|\n|t:|1771203386\n|move|p2a: Ninetales|Scorching Sands|p1a: Chi-Yu\n|-supereffective|p1a: Chi-Yu\n|-damage|p1a: Chi-Yu|135/211\n|move|p1a: Chi-Yu|Flamethrower|p2a: Ninetales\n|-resisted|p2a: Ninetales\n|-damage|p2a: Ninetales|113/263\n|\n|-weather|SunnyDay|[upkeep]\n|upkeep\n|turn|2\n|\n|t:|1771203395\n|move|p2a: Ninetales|Scorching Sands|p1a: Chi-Yu\n|-supereffective|p1a: Chi-Yu\n|-damage|p1a: Chi-Yu|51/211\n|move|p1a: Chi-Yu|Flamethrower|p2a: Ninetales\n|-resisted|p2a: Ninetales\n|-damage|p2a: Ninetales|0 fnt\n|faint|p2a: Ninetales\n|\n|-weather|SunnyDay|[upkeep]\n|upkeep\n|inactive|gingerlike has 120 seconds left.\n|l|☆Lemonlimewater\n|inactive|Lemonlimewater disconnected and has a minute to reconnect!\n|player|p1|\n|\n|t:|1771203449\n|switch|p2a: Iron Jugulis|Iron Jugulis, L77|271/271\n|turn|3\n|j|☆Lemonlimewater\n|inactive|Lemonlimewater reconnected and has 135 seconds left.\n|player|p1|Lemonlimewater|1|\n|\n|t:|1771203469\n|move|p2a: Iron Jugulis|Earth Power|p1a: Chi-Yu\n|-supereffective|p1a: Chi-Yu\n|-damage|p1a: Chi-Yu|0 fnt\n|faint|p1a: Chi-Yu\n|\n|-weather|SunnyDay|[upkeep]\n|upkeep\n|\n|t:|1771203480\n|switch|p1a: Masquerain|Masquerain, L87, M|264/264\n|-ability|p1a: Masquerain|Intimidate|boost\n|-unboost|p2a: Iron Jugulis|atk|1\n|turn|4\n|\n|t:|1771203499\n|move|p2a: Iron Jugulis|Meteor Beam||[still]\n|-prepare|p2a: Iron Jugulis|Meteor Beam\n|-boost|p2a: Iron Jugulis|spa|1\n|-enditem|p2a: Iron Jugulis|Power Herb\n|-anim|p2a: Iron Jugulis|Meteor Beam|p1a: Masquerain\n|-supereffective|p1a: Masquerain\n|-damage|p1a: Masquerain|0 fnt\n|faint|p1a: Masquerain\n|\n|-weather|SunnyDay|[upkeep]\n|upkeep\n|-message|Lemonlimewater forfeited.\n|\n|win|gingerlike\n|raw|Lemonlimewater's rating: 1533 &rarr; <strong>1514</strong><br />(-19 for losing)\n|raw|gingerlike's rating: 1554 &rarr; <strong>1573</strong><br />(+19 for winning)\n", "inputlog": ">version 686819e5e19f8a7fd2345cfc5a08a5085efa2cc3\n>start {\"formatid\":\"gen9randombattle\",\"seed\":\"sodium,5476491da2487f7a067aad0c2fa32f41\",\"rated\":\"Rated battle\"}\n>player p1 {\"name\":\"Lemonlimewater\",\"avatar\":\"1\",\"rating\":1533,\"seed\":\"sodium,610c83733c528c26a0703879f46f810b\"}\n>player p2 {\"name\":\"gingerlike\",\"avatar\":\"102\",\"rating\":1554,\"seed\":\"sodium,65a87363b075668ab97cc14e0352161c\"}\n>p1 move flamethrower\n>p2 move scorchingsands\n>p1 move flamethrower\n>p2 move scorchingsands\n>p2 switch 2\n>p1 move flamethrower\n>p2 move earthpower\n>p1 switch 5\n>p1 move stickyweb\n>p2 move meteorbeam\n>forcelose p1", "uploadtime": 1771203515, "views": 8, "formatid": "gen9randombattle", "rating": 1514, "private": 0, "password": null}