{"id": "gen9randombattle-2540235904", "format": "[Gen 9] Random Battle", "players": ["FortniteFredderick", "SquidRoundpants"], "log": "|j|☆FortniteFredderick\n|j|☆SquidRoundpants\n|t:|1771179089\n|gametype|singles\n|player|p1|FortniteFredderick|psychic-gen4|1669\n|player|p2|SquidRoundpants|leon|1663\n|gen|9\n|tier|[Gen 9] Random Battle\n|rated|\n|rule|Species Clause: Limit one of each Pokémon\n|rule|HP Percentage Mod: HP is shown in percentages\n|rule|Sleep Clause Mod: Limit one foe put to sleep\n|rule|Illusion Level Mod: Illusion disguises the Pokémon's true level\n|\n|t:|1771179089\n|teamsize|p1|6\n|teamsize|p2|6\n|start\n|switch|p1a: Zebstrika|Zebstrika, L87, F|272/272\n|switch|p2a: Iron Jugulis|Iron Jugulis, L77|271/271\n|turn|1\n|inactive|Battle timer is ON: inactive players will automatically lose when time's up. (requested by SquidRoundpants)\n|inactive|FortniteFredderick has 120 seconds left.\n|\n|t:|1771179122\n|-terastallize|p2a: Iron Jugulis|Dark\n|move|p1a: Zebstrika|Volt Switch|p2a: Iron Jugulis\n|-damage|p2a: Iron Jugulis|170/271\n|-damage|p1a: Zebstrika|245/272|[from] item: Life Orb\n|\n|t:|1771179131\n|switch|p1a: Meowscarada|Meowscarada, L78, M|247/247|[from] Volt Switch\n|move|p2a: Iron Jugulis|Meteor Beam||[still]\n|-prepare|p2a: Iron Jugulis|Meteor Beam\n|-boost|p2a: Iron Jugulis|spa|1\n|-enditem|p2a: Iron Jugulis|Power Herb\n|-anim|p2a: Iron Jugulis|Meteor Beam|p1a: Meowscarada\n|-damage|p1a: Meowscarada|99/247\n|\n|upkeep\n|turn|2\n|\n|t:|1771179157\n|move|p1a: Meowscarada|U-turn|p2a: Iron Jugulis\n|-start|p1a: Meowscarada|typechange|Bug|[from] ability: Protean\n|-supereffective|p2a: Iron Jugulis\n|-damage|p2a: Iron Jugulis|0 fnt\n|faint|p2a: Iron Jugulis\n|-end|p2a: Iron Jugulis|Quark Drive|[silent]\n|inactive|FortniteFredderick has 120 seconds left.\n|\n|t:|1771179169\n|switch|p1a: Delibird|Delibird, F|252/252|[from] U-turn\n|\n|upkeep\n|\n|t:|1771179193\n|switch|p2a: Lycanroc|Lycanroc-Midnight, L89, M|296/296\n|turn|3\n|\n|t:|1771179206\n|move|p2a: Lycanroc|Stone Edge|p1a: Delibird\n|-supereffective|p1a: Delibird\n|-crit|p1a: Delibird\n|-damage|p1a: Delibird|0 fnt\n|faint|p1a: Delibird\n|\n|upkeep\n|\n|t:|1771179215\n|switch|p1a: Volcanion|Volcanion, L79|256/256\n|turn|4\n|\n|t:|1771179224\n|-terastallize|p1a: Volcanion|Ground\n|move|p2a: Lycanroc|Stone Edge|p1a: Volcanion\n|-resisted|p1a: Volcanion\n|-damage|p1a: Volcanion|199/256\n|move|p1a: Volcanion|Steam Eruption|p2a: Lycanroc\n|-supereffective|p2a: Lycanroc\n|-damage|p2a: Lycanroc|8/296\n|\n|upkeep\n|turn|5\n|\n|t:|1771179235\n|switch|p2a: Araquanid|Araquanid, L82, M|246/246\n|move|p1a: Volcanion|Flamethrower|p2a: Araquanid\n|-damage|p2a: Araquanid|207/246\n|\n|upkeep\n|turn|6\n|\n|t:|1771179240\n|switch|p1a: Tornadus|Tornadus, L82, M|264/264\n|move|p2a: Araquanid|Sticky Web|p1a: Tornadus\n|-sidestart|p1: FortniteFredderick|move: Sticky Web\n|\n|upkeep\n|turn|7\n|\n|t:|1771179248\n|switch|p2a: Clawitzer|Clawitzer, L87, F|265/265\n|move|p1a: Tornadus|Bleakwind Storm|p2a: Clawitzer|[miss]\n|-miss|p1a: Tornadus|p2a: Clawitzer\n|\n|upkeep\n|turn|8\n|\n|t:|1771179260\n|switch|p1a: Volcanion|Volcanion, L79, tera:Ground|199/256\n|move|p2a: Clawitzer|Dragon Pulse|p1a: Volcanion\n|-damage|p1a: Volcanion|15/256\n|\n|upkeep\n|turn|9\n|c|☆FortniteFredderick|gg unlosable team\n|-message|FortniteFredderick forfeited.\n|\n|win|SquidRoundpants\n|raw|FortniteFredderick's rating: 1669 &rarr; <strong>1649</strong><br />(-20 for losing)\n|raw|SquidRoundpants's rating: 1663 &rarr; <strong>1683</strong><br />(+20 for winning)\n|l|☆FortniteFredderick\n|player|p1|\n|l|☆SquidRoundpants\n|player|p2|\n|j|☆SquidRoundpants\n|player|p2|SquidRoundpants|leon|\n", "inputlog": ">version 686819e5e19f8a7fd2345cfc5a08a5085efa2cc3\n>start {\"formatid\":\"gen9randombattle\",\"seed\":\"sodium,84f7bdae8e2596b0f90d00ec1d8d558b\",\"rated\":\"Rated battle\"}\n>player p1 {\"name\":\"FortniteFredderick\",\"avatar\":\"psychic-gen4\",\"rating\":1669,\"seed\":\"sodium,9550c91a0aee82742fbcc3cd137b6a7b\"}\n>player p2 {\"name\":\"SquidRoundpants\",\"avatar\":\"leon\",\"rating\":1663,\"seed\":\"sodium,b175907fd3449730c2773852249c5c7f\"}\n>p1 move voltswitch\n>p2 move meteorbeam terastallize\n>p1 switch 4\n>p1 move uturn\n>p2 move darkpulse\n>p1 switch 2\n>p2 switch 5\n>p1 move spikes\n>p2 move stoneedge\n>p1 switch 6\n>p1 move steameruption terastallize\n>p2 move stoneedge\n>p1 move flamethrower\n>p2 switch 2\n>p1 switch 5\n>p2 move stickyweb\n>p1 move bleakwindstorm\n>p2 switch 4\n>p1 switch 5\n>p2 move dragonpulse\n>chat ☆FortniteFredderick|gg unlosable team \n>forcelose p1", "uploadtime": 1771179347, "views": 9, "formatid": "gen9randombattle", "rating": 1649, "private": 0, "password": null}