{"id": "gen9randombattle-2540068053", "format": "[Gen 9] Random Battle", "players": ["pokemontrainer789", "hwakey"], "log": "|j|☆pokemontrainer789\n|j|☆hwakey\n|t:|1771156075\n|gametype|singles\n|player|p1|pokemontrainer789|266|1573\n|player|p2|hwakey|blackbelt-gen4dp|1533\n|gen|9\n|tier|[Gen 9] Random Battle\n|rated|\n|rule|Species Clause: Limit one of each Pokémon\n|rule|HP Percentage Mod: HP is shown in percentages\n|rule|Sleep Clause Mod: Limit one foe put to sleep\n|rule|Illusion Level Mod: Illusion disguises the Pokémon's true level\n|\n|t:|1771156075\n|teamsize|p1|6\n|teamsize|p2|6\n|start\n|switch|p1a: Ditto|Ditto, L87|225/225\n|switch|p2a: Infernape|Infernape, L82, F|259/259\n|-transform|p1a: Ditto|p2a: Infernape|[from] ability: Imposter\n|turn|1\n|inactive|Battle timer is ON: inactive players will automatically lose when time's up. (requested by pokemontrainer789)\n|\n|t:|1771156108\n|switch|p1a: Bronzong|Bronzong, L88|261/261\n|move|p2a: Infernape|Knock Off|p1a: Bronzong\n|-supereffective|p1a: Bronzong\n|-damage|p1a: Bronzong|95/261\n|-enditem|p1a: Bronzong|Leftovers|[from] move: Knock Off|[of] p2a: Infernape\n|\n|upkeep\n|turn|2\n|\n|t:|1771156117\n|move|p2a: Infernape|Knock Off|p1a: Bronzong\n|-supereffective|p1a: Bronzong\n|-damage|p1a: Bronzong|0 fnt\n|faint|p1a: Bronzong\n|\n|upkeep\n|\n|t:|1771156122\n|switch|p1a: Gothitelle|Gothitelle, L90, M|272/272\n|turn|3\n|\n|t:|1771156127\n|-terastallize|p2a: Infernape|Dark\n|move|p1a: Gothitelle|Psychic|p2a: Infernape\n|-immune|p2a: Infernape\n|move|p2a: Infernape|Knock Off|p1a: Gothitelle\n|-supereffective|p1a: Gothitelle\n|-damage|p1a: Gothitelle|6/272\n|-enditem|p1a: Gothitelle|Choice Scarf|[from] move: Knock Off|[of] p2a: Infernape\n|\n|upkeep\n|turn|4\n|\n|t:|1771156132\n|move|p2a: Infernape|Knock Off|p1a: Gothitelle\n|-supereffective|p1a: Gothitelle\n|-damage|p1a: Gothitelle|0 fnt\n|faint|p1a: Gothitelle\n|\n|upkeep\n|\n|t:|1771156138\n|switch|p1a: Ditto|Ditto, L87|225/225\n|-transform|p1a: Ditto|p2a: Infernape|[from] ability: Imposter\n|-start|p1a: Ditto|typechange|Fire/Fighting|[silent]\n|turn|5\n|\n|t:|1771156142\n|switch|p2a: Azumarill|Azumarill, L82, M|298/298\n|move|p1a: Ditto|Close Combat|p2a: Azumarill\n|-resisted|p2a: Azumarill\n|-damage|p2a: Azumarill|229/298\n|-unboost|p1a: Ditto|def|1\n|-unboost|p1a: Ditto|spd|1\n|\n|upkeep\n|turn|6\n|\n|t:|1771156148\n|switch|p1a: Glalie|Glalie, L96, F|309/309\n|move|p2a: Azumarill|Knock Off|p1a: Glalie\n|-damage|p1a: Glalie|185/309\n|-enditem|p1a: Glalie|Heavy-Duty Boots|[from] move: Knock Off|[of] p2a: Azumarill\n|\n|upkeep\n|turn|7\n|\n|t:|1771156155\n|switch|p2a: Lycanroc|Lycanroc, L86, F|269/269\n|move|p1a: Glalie|Freeze-Dry|p2a: Lycanroc\n|-crit|p2a: Lycanroc\n|-damage|p2a: Lycanroc|127/269\n|\n|upkeep\n|turn|8\n|-message|pokemontrainer789 forfeited.\n|\n|win|hwakey\n|raw|pokemontrainer789's rating: 1573 &rarr; <strong>1551</strong><br />(-22 for losing)\n|raw|hwakey's rating: 1533 &rarr; <strong>1555</strong><br />(+22 for winning)\n|l|☆pokemontrainer789\n|player|p1|\n", "inputlog": ">version 686819e5e19f8a7fd2345cfc5a08a5085efa2cc3\n>start {\"formatid\":\"gen9randombattle\",\"seed\":\"sodium,e435360d20a9816599b1e3155a95ae9f\",\"rated\":\"Rated battle\"}\n>player p1 {\"name\":\"pokemontrainer789\",\"avatar\":\"266\",\"rating\":1573,\"seed\":\"sodium,8149a1ea0702d826e0f1492f396594a2\"}\n>player p2 {\"name\":\"hwakey\",\"avatar\":\"blackbelt-gen4dp\",\"rating\":1533,\"seed\":\"sodium,dcc9ec441c7a219849491fcc3fb4f2c5\"}\n>p1 switch 4\n>p2 move knockoff\n>p1 move psychicnoise\n>p2 move knockoff\n>p1 switch 5\n>p1 move psychic\n>p2 move knockoff terastallize\n>p1 move focusblast\n>p2 move knockoff\n>p1 switch 4\n>p1 move closecombat\n>p2 switch 3\n>p1 switch 3\n>p2 move knockoff\n>p1 move freezedry\n>p2 switch 5\n>forcelose p1", "uploadtime": 1771156167, "views": 14, "formatid": "gen9randombattle", "rating": 1551, "private": 0, "password": null}