{"id": "gen9nationaldex-2540608978", "format": "[Gen 9] National Dex", "players": ["redfoxTAP", "frost12080000"], "log": "|j|☆redfoxTAP\n|j|☆frost12080000\n|t:|1771226542\n|gametype|singles\n|player|p1|redfoxTAP|hiker-gen4|1535\n|player|p2|frost12080000|burglar|1601\n|gen|9\n|tier|[Gen 9] National Dex\n|rated|\n|rule|HP Percentage Mod: HP is shown in percentages\n|rule|Endless Battle Clause: Forcing endless battles is banned\n|rule|Species Clause: Limit one of each Pokémon\n|rule|OHKO Clause: OHKO moves are banned\n|rule|Evasion Clause: Evasion abilities, items, and moves are banned\n|rule|Evasion Abilities Clause: Evasion abilities are banned\n|rule|Evasion Items Clause: Evasion items are banned\n|rule|Evasion Moves Clause: Evasion moves are banned\n|rule|Sleep Clause Mod: Limit one foe put to sleep\n|rule|Terastal Clause: You cannot Terastallize\n|clearpoke\n|poke|p1|Shedinja|\n|poke|p1|Blissey, F|\n|poke|p1|Toxapex, M|\n|poke|p1|Gholdengo|\n|poke|p1|Skarmory, M|\n|poke|p1|Gliscor, M|\n|poke|p2|Tapu Fini|\n|poke|p2|Ogerpon-Cornerstone, F|\n|poke|p2|Landorus-Therian, M|\n|poke|p2|Alomomola, F|\n|poke|p2|Medicham, M|\n|poke|p2|Urshifu-*, M|\n|teampreview\n|inactive|Battle timer is ON: inactive players will automatically lose when time's up. (requested by redfoxTAP)\n|c|☆redfoxTAP|hf\n|\n|t:|1771226567\n|teamsize|p1|6\n|teamsize|p2|6\n|start\n|switch|p1a: Gliscor|Gliscor, M|100/100\n|switch|p2a: Urshifu|Urshifu-Rapid-Strike, M|100/100\n|turn|1\n|\n|t:|1771226572\n|switch|p1a: Toxapex|Toxapex, M|100/100\n|move|p2a: Urshifu|U-turn|p1a: Toxapex\n|-resisted|p1a: Toxapex\n|-damage|p1a: Toxapex|93/100\n|\n|t:|1771226575\n|switch|p2a: Medicham|Medicham, M|100/100|[from] U-turn\n|\n|upkeep\n|turn|2\n|\n|t:|1771226582\n|switch|p1a: Skarmory|Skarmory, M|100/100\n|detailschange|p2a: Medicham|Medicham-Mega, M\n|-mega|p2a: Medicham|Medicham|Medichamite\n|move|p2a: Medicham|Zen Headbutt|p1a: Skarmory\n|-resisted|p1a: Skarmory\n|-damage|p1a: Skarmory|78/100\n|-damage|p2a: Medicham|84/100|[from] item: Rocky Helmet|[of] p1a: Skarmory\n|\n|upkeep\n|turn|3\n|\n|t:|1771226590\n|move|p2a: Medicham|Close Combat|p1a: Skarmory\n|-damage|p1a: Skarmory|2/100\n|-unboost|p2a: Medicham|def|1\n|-unboost|p2a: Medicham|spd|1\n|-damage|p2a: Medicham|68/100|[from] item: Rocky Helmet|[of] p1a: Skarmory\n|move|p1a: Skarmory|Iron Defense|p1a: Skarmory\n|-boost|p1a: Skarmory|def|2\n|\n|upkeep\n|turn|4\n|\n|t:|1771226599\n|switch|p1a: Shedinja|Shedinja|100/100\n|move|p2a: Medicham|Zen Headbutt|p1a: Shedinja\n|-immune|p1a: Shedinja|[from] ability: Wonder Guard\n|\n|upkeep\n|turn|5\n|\n|t:|1771226603\n|switch|p2a: Urshifu|Urshifu-Rapid-Strike, M|100/100\n|move|p1a: Shedinja|Protect||[still]\n|-fail|p1a: Shedinja\n|\n|upkeep\n|turn|6\n|\n|t:|1771226609\n|switch|p1a: Toxapex|Toxapex, M|100/100\n|move|p2a: Urshifu|U-turn|p1a: Toxapex\n|-resisted|p1a: Toxapex\n|-damage|p1a: Toxapex|93/100\n|\n|t:|1771226614\n|switch|p2a: Landorus|Landorus-Therian, M|100/100|[from] U-turn\n|-ability|p2a: Landorus|Intimidate|boost\n|-unboost|p1a: Toxapex|atk|1\n|\n|upkeep\n|turn|7\n|\n|t:|1771226618\n|move|p2a: Landorus|Earthquake|p1a: Toxapex\n|-supereffective|p1a: Toxapex\n|-crit|p1a: Toxapex\n|-damage|p1a: Toxapex|0 fnt\n|faint|p1a: Toxapex\n|\n|upkeep\n|-message|redfoxTAP forfeited.\n|\n|win|frost12080000\n|raw|redfoxTAP's rating: 1535 &rarr; <strong>1519</strong><br />(-16 for losing)\n|raw|frost12080000's rating: 1601 &rarr; <strong>1617</strong><br />(+16 for winning)\n|l|☆redfoxTAP\n|player|p1|\n|l|☆frost12080000\n|player|p2|\n", "uploadtime": 1771226960, "views": 10, "formatid": "gen9nationaldex", "rating": 1519, "private": 0, "password": null}