{"id": "gen9nationaldex-2540842376", "format": "[Gen 9] National Dex", "players": ["fluxzer", "Rubberchicken030"], "log": "|j|☆fluxzer\n|j|☆Rubberchicken030\n|t:|1771259670\n|gametype|singles\n|player|p1|fluxzer|clemont|1582\n|player|p2|Rubberchicken030|crasherwake|1518\n|gen|9\n|tier|[Gen 9] National Dex\n|rated|\n|rule|HP Percentage Mod: HP is shown in percentages\n|rule|Endless Battle Clause: Forcing endless battles is banned\n|rule|Species Clause: Limit one of each Pokémon\n|rule|OHKO Clause: OHKO moves are banned\n|rule|Evasion Clause: Evasion abilities, items, and moves are banned\n|rule|Evasion Abilities Clause: Evasion abilities are banned\n|rule|Evasion Items Clause: Evasion items are banned\n|rule|Evasion Moves Clause: Evasion moves are banned\n|rule|Sleep Clause Mod: Limit one foe put to sleep\n|rule|Terastal Clause: You cannot Terastallize\n|clearpoke\n|poke|p1|Ribombee, M|\n|poke|p1|Iron Valiant|\n|poke|p1|Gliscor, M|\n|poke|p1|Gholdengo|\n|poke|p1|Kommo-o, F|\n|poke|p1|Kingambit, F|\n|poke|p2|Raging Bolt|\n|poke|p2|Clodsire, F|\n|poke|p2|Scizor, F|\n|poke|p2|Tapu Lele|\n|poke|p2|Moltres|\n|poke|p2|Urshifu-*, M|\n|teampreview\n|inactive|Battle timer is ON: inactive players will automatically lose when time's up. (requested by Rubberchicken030)\n|c|☆fluxzer|ggs\n|c|☆fluxzer|you realise that you lose right\n|\n|t:|1771259687\n|teamsize|p1|6\n|teamsize|p2|6\n|start\n|switch|p1a: Aids|Ribombee, M|100/100\n|switch|p2a: Scizor|Scizor, F|100/100\n|turn|1\n|\n|t:|1771259694\n|detailschange|p2a: Scizor|Scizor-Mega, F\n|-mega|p2a: Scizor|Scizor|Scizorite\n|move|p2a: Scizor|Bullet Punch|p1a: Aids\n|-supereffective|p1a: Aids\n|-crit|p1a: Aids\n|-enditem|p1a: Aids|Focus Sash\n|-damage|p1a: Aids|1/100\n|move|p1a: Aids|Sticky Web|p2a: Scizor\n|-sidestart|p2: Rubberchicken030|move: Sticky Web\n|\n|upkeep\n|turn|2\n|\n|t:|1771259719\n|switch|p1a: o-o|Kommo-o, F|100/100\n|move|p2a: Scizor|Bullet Punch|p1a: o-o\n|-damage|p1a: o-o|72/100\n|\n|upkeep\n|turn|3\n|inactive|Rubberchicken030 has 120 seconds left.\n|\n|t:|1771259751\n|switch|p1a: Gholdenjoeseph|Gholdengo|100/100\n|-item|p1a: Gholdenjoeseph|Air Balloon\n|switch|p2a: Clodsire|Clodsire, F|100/100\n|-activate|p2a: Clodsire|move: Sticky Web\n|-unboost|p2a: Clodsire|spe|1\n|\n|upkeep\n|turn|4\n|\n|t:|1771259765\n|move|p1a: Gholdenjoeseph|Nasty Plot|p1a: Gholdenjoeseph\n|-boost|p1a: Gholdenjoeseph|spa|2\n|move|p2a: Clodsire|Stealth Rock|p1a: Gholdenjoeseph\n|-sidestart|p1: fluxzer|move: Stealth Rock\n|\n|upkeep\n|turn|5\n|\n|t:|1771259772\n|switch|p2a: Moltres|Moltres|100/100\n|move|p1a: Gholdenjoeseph|Nasty Plot|p1a: Gholdenjoeseph\n|-boost|p1a: Gholdenjoeseph|spa|2\n|\n|upkeep\n|turn|6\n|\n|t:|1771259776\n|move|p1a: Gholdenjoeseph|Thunderbolt|p2a: Moltres\n|-supereffective|p2a: Moltres\n|-damage|p2a: Moltres|0 fnt\n|faint|p2a: Moltres\n|\n|upkeep\n|\n|t:|1771259786\n|switch|p2a: Scizor|Scizor-Mega, F|100/100\n|-activate|p2a: Scizor|move: Sticky Web\n|-unboost|p2a: Scizor|spe|1\n|turn|7\n|c|☆fluxzer|without moltres u def lose\n|\n|t:|1771259791\n|move|p1a: Gholdenjoeseph|Shadow Ball|p2a: Scizor\n|-damage|p2a: Scizor|0 fnt\n|faint|p2a: Scizor\n|detailschange|p2: Scizor|Scizor, F|[silent]\n|\n|upkeep\n|-message|Rubberchicken030 forfeited.\n|\n|win|fluxzer\n|raw|fluxzer's rating: 1582 &rarr; <strong>1598</strong><br />(+16 for winning)\n|raw|Rubberchicken030's rating: 1518 &rarr; <strong>1502</strong><br />(-16 for losing)\n|l|☆Rubberchicken030\n|player|p2|\n|c|☆fluxzer|yeah i smell a forfeit\n", "uploadtime": 1771259802, "views": 4, "formatid": "gen9nationaldex", "rating": 1502, "private": 0, "password": null}