{"id": "gen9ou-2639985358", "format": "[Gen 9] OU", "players": ["I Walk a Path", "magikarp soup"], "log": "|j|ŌśåI Walk a Path\n|j|Ōśåmagikarp soup\n|t:|1782558387\n|gametype|singles\n|player|p1|I Walk a Path|irida|1707\n|player|p2|magikarp soup|medium|1748\n|gen|9\n|tier|[Gen 9] OU\n|rated|\n|rule|HP Percentage Mod: HP is shown in percentages\n|rule|Endless Battle Clause: Forcing endless battles is banned\n|rule|Species Clause: Limit one of each Pok├®mon\n|rule|OHKO Clause: OHKO moves are banned\n|rule|Evasion Items Clause: Evasion items are banned\n|rule|Evasion Moves Clause: Evasion moves are banned\n|rule|Evasion Abilities Clause: Evasion abilities are banned\n|rule|Sleep Moves Clause: Sleep-inducing moves are banned\n|clearpoke\n|poke|p1|Clodsire, F|\n|poke|p1|Dondozo, F|\n|poke|p1|Gliscor, F|\n|poke|p1|Alomomola, L99, F|\n|poke|p1|Corviknight, F|\n|poke|p1|Pecharunt|\n|poke|p2|Landorus-Therian, M|\n|poke|p2|Gholdengo|\n|poke|p2|Samurott-Hisui, M|\n|poke|p2|Deoxys-Speed|\n|poke|p2|Zamazenta-*|\n|poke|p2|Pecharunt|\n|teampreview\n|inactive|Battle timer is ON: inactive players will automatically lose when time's up. (requested by I Walk a Path)\n|c|Ōśåmagikarp soup|glhf\n|c|ŌśåI Walk a Path|hfhf\n|c|ŌśåI Walk a Path|sorry\n|\n|t:|1782558412\n|teamsize|p1|6\n|teamsize|p2|6\n|start\n|switch|p1a: Bash┼Ź|Gliscor, F|100/100\n|switch|p2a: Landorus|Landorus-Therian, M|100/100\n|-ability|p2a: Landorus|Intimidate|boost\n|-unboost|p1a: Bash┼Ź|atk|1\n|turn|1\n|\n|t:|1782558414\n|move|p1a: Bash┼Ź|Protect|p1a: Bash┼Ź\n|-singleturn|p1a: Bash┼Ź|Protect\n|move|p2a: Landorus|Stealth Rock|p1a: Bash┼Ź\n|-sidestart|p1: I Walk a Path|move: Stealth Rock\n|\n|-status|p1a: Bash┼Ź|tox|[from] item: Toxic Orb\n|upkeep\n|turn|2\n|\n|t:|1782558417\n|switch|p2a: Gholdengo|Gholdengo|100/100\n|move|p1a: Bash┼Ź|Stealth Rock|p2a: Gholdengo\n|-sidestart|p2: magikarp soup|move: Stealth Rock\n|\n|upkeep\n|turn|3\n|\n|t:|1782558420\n|move|p1a: Bash┼Ź|Protect|p1a: Bash┼Ź\n|-singleturn|p1a: Bash┼Ź|Protect\n|move|p2a: Gholdengo|Nasty Plot|p2a: Gholdengo\n|-boost|p2a: Gholdengo|spa|2\n|\n|upkeep\n|turn|4\n|\n|t:|1782558422\n|switch|p1a: Rimbaud|Clodsire, F|100/100\n|move|p2a: Gholdengo|Make It Rain|p1a: Rimbaud\n|-damage|p1a: Rimbaud|68/100\n|-unboost|p2a: Gholdengo|spa|1\n|\n|upkeep\n|turn|5\n|\n|t:|1782558427\n|move|p2a: Gholdengo|Make It Rain|p1a: Rimbaud\n|-damage|p1a: Rimbaud|36/100\n|-unboost|p2a: Gholdengo|spa|1\n|move|p1a: Rimbaud|Amnesia|p1a: Rimbaud\n|-boost|p1a: Rimbaud|spd|2\n|\n|upkeep\n|turn|6\n|\n|t:|1782558432\n|switch|p2a: Samurott|Samurott-Hisui, M|100/100\n|-damage|p2a: Samurott|88/100|[from] Stealth Rock\n|move|p1a: Rimbaud|Recover|p1a: Rimbaud\n|-heal|p1a: Rimbaud|86/100\n|\n|upkeep\n|turn|7\n|\n|t:|1782558438\n|switch|p1a: Tagore|Alomomola, L99, F, shiny|100/100\n|move|p2a: Samurott|Ceaseless Edge|p1a: Tagore\n|-damage|p1a: Tagore|70/100\n|-sidestart|p1: I Walk a Path|Spikes\n|\n|upkeep\n|turn|8\n|\n|t:|1782558441\n|move|p2a: Samurott|Knock Off|p1a: Tagore\n|-damage|p1a: Tagore|34/100\n|-enditem|p1a: Tagore|Heavy-Duty Boots|[from] move: Knock Off|[of] p2a: Samurott\n|move|p1a: Tagore|Flip Turn|p2a: Samurott\n|-resisted|p2a: Samurott\n|-damage|p2a: Samurott|80/100\n|\n|t:|1782558446\n|switch|p1a: Bash┼Ź|Gliscor, F|100/100 tox|[from] Flip Turn\n|-damage|p1a: Bash┼Ź|88/100 tox|[from] Stealth Rock\n|\n|-heal|p1a: Bash┼Ź|100/100 tox|[from] ability: Poison Heal\n|upkeep\n|turn|9\n|c|Ōśåmagikarp soup|dont apologise\n|c|Ōśåmagikarp soup|what for\n|\n|t:|1782558454\n|move|p1a: Bash┼Ź|Toxic|p2a: Samurott\n|-status|p2a: Samurott|tox\n|move|p2a: Samurott|Flip Turn|p1a: Bash┼Ź\n|-supereffective|p1a: Bash┼Ź\n|-damage|p1a: Bash┼Ź|69/100 tox\n|c|ŌśåI Walk a Path|playing stall\n|c|Ōśåmagikarp soup|i dont see people saying sorry for using hyper offense\n|c|Ōśåmagikarp soup|thats a hundred times less fun to play against\n|c|ŌśåI Walk a Path|societal norms\n|inactive|magikarp soup has 120 seconds left.\n|c|Ōśåmagikarp soup|well dont be sorry\n|c|Ōśåmagikarp soup|its fine\n|c|ŌśåI Walk a Path|i get death threats for using stall\n|\n|t:|1782558493\n|switch|p2a: Gholdengo|Gholdengo|100/100|[from] Flip Turn\n|-damage|p2a: Gholdengo|94/100|[from] Stealth Rock\n|\n|-heal|p1a: Bash┼Ź|82/100 tox|[from] ability: Poison Heal\n|upkeep\n|turn|10\n|c|ŌśåI Walk a Path|but when i use sun everybody thinks im good at the game\n|\n|t:|1782558501\n|move|p1a: Bash┼Ź|Knock Off|p2a: Gholdengo\n|-supereffective|p2a: Gholdengo\n|-damage|p2a: Gholdengo|62/100\n|-enditem|p2a: Gholdengo|Custap Berry|[from] move: Knock Off|[of] p1a: Bash┼Ź\n|move|p2a: Gholdengo|Nasty Plot|p2a: Gholdengo\n|-boost|p2a: Gholdengo|spa|2\n|\n|-heal|p1a: Bash┼Ź|94/100 tox|[from] ability: Poison Heal\n|upkeep\n|turn|11\n|c|Ōśåmagikarp soup|lmao amen\n|\n|t:|1782558510\n|switch|p1a: Rimbaud|Clodsire, F|86/100\n|move|p2a: Gholdengo|Make It Rain|p1a: Rimbaud\n|-damage|p1a: Rimbaud|54/100\n|-unboost|p2a: Gholdengo|spa|1\n|\n|upkeep\n|turn|12\n|c|Ōśåmagikarp soup|ive been seeing more blisseyless stalls recently\n|c|Ōśåmagikarp soup|what gives\n|c|ŌśåI Walk a Path|idk this is a really old team\n|inactive|magikarp soup has 120 seconds left.\n|c|Ōśåmagikarp soup|ic\n|c|ŌśåI Walk a Path|just wanted to use bcz someone asked me to\n|c|Ōśåmagikarp soup|fair\n|c|Ōśåmagikarp soup|are you in stallcord\n|c|ŌśåI Walk a Path|no i hate the people in stallcord\n|c|ŌśåI Walk a Path|i got beef\n|c|Ōśåmagikarp soup|lmao\n|inactive|magikarp soup has 90 seconds left.\n|\n|t:|1782558561\n|move|p2a: Gholdengo|Make It Rain|p1a: Rimbaud\n|-damage|p1a: Rimbaud|20/100\n|-unboost|p2a: Gholdengo|spa|1\n|move|p1a: Rimbaud|Recover|p1a: Rimbaud\n|-heal|p1a: Rimbaud|70/100\n|\n|upkeep\n|turn|13\n|c|ŌśåI Walk a Path|also stallcord owner got top 4 with blissless stall\n|c|ŌśåI Walk a Path|so maybe that too\n|c|Ōśåmagikarp soup|oh i see\n|\n|t:|1782558581\n|switch|p2a: Landorus|Landorus-Therian, M|100/100\n|-damage|p2a: Landorus|88/100|[from] Stealth Rock\n|-ability|p2a: Landorus|Intimidate|boost\n|-unboost|p1a: Rimbaud|atk|1\n|move|p1a: Rimbaud|Amnesia|p1a: Rimbaud\n|-boost|p1a: Rimbaud|spd|2\n|\n|upkeep\n|turn|14\n|c|Ōśåmagikarp soup|whos the owner again\n|c|Ōśåmagikarp soup|is it that supa guy\n|c|ŌśåI Walk a Path|ye\n|\n|t:|1782558590\n|switch|p1a: Bash┼Ź|Gliscor, F|94/100 tox\n|-damage|p1a: Bash┼Ź|82/100 tox|[from] Stealth Rock\n|move|p2a: Landorus|Nasty Plot|p2a: Landorus\n|-boost|p2a: Landorus|spa|2\n|\n|-heal|p1a: Bash┼Ź|94/100 tox|[from] ability: Poison Heal\n|upkeep\n|turn|15\n|j| dante1310\n|c|ŌśåI Walk a Path|alright bro what the fuck\n|\n|t:|1782558606\n|move|p2a: Landorus|Nasty Plot|p2a: Landorus\n|-boost|p2a: Landorus|spa|2\n|move|p1a: Bash┼Ź|Toxic|p2a: Landorus\n|-status|p2a: Landorus|tox\n|\n|-damage|p2a: Landorus|82/100 tox|[from] psn\n|-heal|p1a: Bash┼Ź|100/100 tox|[from] ability: Poison Heal\n|upkeep\n|turn|16\n|\n|t:|1782558614\n|switch|p1a: Baudelaire|Corviknight, F, shiny|100/100\n|-damage|p1a: Baudelaire|88/100|[from] Stealth Rock\n|-ability|p1a: Baudelaire|Pressure\n|move|p2a: Landorus|Nasty Plot|p2a: Landorus\n|-boost|p2a: Landorus|spa|2\n|\n|-heal|p1a: Baudelaire|94/100|[from] item: Leftovers\n|-damage|p2a: Landorus|70/100 tox|[from] psn\n|upkeep\n|turn|17\n|\n|t:|1782558618\n|switch|p2a: Gholdengo|Gholdengo|62/100\n|-damage|p2a: Gholdengo|56/100|[from] Stealth Rock\n|move|p1a: Baudelaire|Protect||[still]\n|-fail|p1a: Baudelaire\n|\n|-heal|p1a: Baudelaire|100/100|[from] item: Leftovers\n|upkeep\n|turn|18\n|\n|t:|1782558624\n|move|p2a: Gholdengo|Recover|p2a: Gholdengo\n|-heal|p2a: Gholdengo|100/100\n|move|p1a: Baudelaire|Iron Head|p2a: Gholdengo\n|-resisted|p2a: Gholdengo\n|-damage|p2a: Gholdengo|91/100\n|\n|upkeep\n|turn|19\n|\n|t:|1782558633\n|switch|p1a: Rimbaud|Clodsire, F|70/100\n|move|p2a: Gholdengo|Nasty Plot|p2a: Gholdengo\n|-boost|p2a: Gholdengo|spa|2\n|\n|upkeep\n|turn|20\n|\n|t:|1782558638\n|move|p2a: Gholdengo|Make It Rain|p1a: Rimbaud\n|-damage|p1a: Rimbaud|38/100\n|-unboost|p2a: Gholdengo|spa|1\n|move|p1a: Rimbaud|Amnesia|p1a: Rimbaud\n|-boost|p1a: Rimbaud|spd|2\n|\n|upkeep\n|turn|21\n|\n|t:|1782558641\n|switch|p2a: Samurott|Samurott-Hisui, M|80/100 tox\n|-damage|p2a: Samurott|67/100 tox|[from] Stealth Rock\n|move|p1a: Rimbaud|Recover|p1a: Rimbaud\n|-heal|p1a: Rimbaud|88/100\n|\n|-damage|p2a: Samurott|61/100 tox|[from] psn\n|upkeep\n|turn|22\n|\n|t:|1782558648\n|switch|p1a: Tagore|Alomomola, L99, F, shiny|67/100\n|-damage|p1a: Tagore|54/100|[from] Stealth Rock\n|-damage|p1a: Tagore|42/100|[from] Spikes\n|move|p2a: Samurott|Knock Off|p1a: Tagore\n|-damage|p1a: Tagore|18/100\n|\n|-damage|p2a: Samurott|49/100 tox|[from] psn\n|upkeep\n|turn|23\n|\n|t:|1782558657\n|move|p2a: Samurott|Flip Turn|p1a: Tagore\n|-resisted|p1a: Tagore\n|-damage|p1a: Tagore|8/100\n|c|Ōśåmagikarp soup|oops\n|\n|t:|1782558665\n|switch|p2a: Gholdengo|Gholdengo|91/100|[from] Flip Turn\n|-damage|p2a: Gholdengo|85/100|[from] Stealth Rock\n|move|p1a: Tagore|Flip Turn|p2a: Gholdengo\n|-damage|p2a: Gholdengo|75/100\n|c|ŌśåI Walk a Path|why not just hard switch\n|c|ŌśåI Walk a Path|predicting my protect\n|c|Ōśåmagikarp soup|wanted to chip the gliscor a little\n|c|ŌśåI Walk a Path|ye but im boots alo\n|c|Ōśåmagikarp soup|in case you went that on knock\n|c|ŌśåI Walk a Path|and ur toxicd\n|c|Ōśåmagikarp soup|yeah fair\n|inactive|I Walk a Path has 120 seconds left.\n|\n|t:|1782558700\n|switch|p1a: Whitman|Dondozo, F|100/100|[from] Flip Turn\n|\n|upkeep\n|turn|24\n|\n|t:|1782558706\n|move|p2a: Gholdengo|Shadow Ball|p1a: Whitman\n|-damage|p1a: Whitman|68/100\n|-unboost|p1a: Whitman|spd|1\n|move|p1a: Whitman|Crunch|p2a: Gholdengo\n|-supereffective|p2a: Gholdengo\n|-damage|p2a: Gholdengo|50/100\n|\n|upkeep\n|turn|25\n|\n|t:|1782558712\n|switch|p1a: Baudelaire|Corviknight, F, shiny|100/100\n|-damage|p1a: Baudelaire|88/100|[from] Stealth Rock\n|-ability|p1a: Baudelaire|Pressure\n|move|p2a: Gholdengo|Recover|p2a: Gholdengo\n|-heal|p2a: Gholdengo|99/100\n|\n|-heal|p1a: Baudelaire|94/100|[from] item: Leftovers\n|upkeep\n|turn|26\n|\n|t:|1782558718\n|switch|p1a: Rimbaud|Clodsire, F|88/100\n|move|p2a: Gholdengo|Nasty Plot|p2a: Gholdengo\n|-boost|p2a: Gholdengo|spa|2\n|\n|upkeep\n|turn|27\n|\n|t:|1782558726\n|switch|p2a: Landorus|Landorus-Therian, M|70/100 tox\n|-damage|p2a: Landorus|58/100 tox|[from] Stealth Rock\n|-ability|p2a: Landorus|Intimidate|boost\n|-unboost|p1a: Rimbaud|atk|1\n|move|p1a: Rimbaud|Bulldoze|p2a: Landorus\n|-immune|p2a: Landorus\n|\n|-damage|p2a: Landorus|52/100 tox|[from] psn\n|upkeep\n|turn|28\n|\n|t:|1782558731\n|switch|p1a: Baudelaire|Corviknight, F, shiny|94/100\n|-damage|p1a: Baudelaire|82/100|[from] Stealth Rock\n|-ability|p1a: Baudelaire|Pressure\n|move|p2a: Landorus|Earth Power|p1a: Baudelaire\n|-immune|p1a: Baudelaire\n|\n|-heal|p1a: Baudelaire|88/100|[from] item: Leftovers\n|-damage|p2a: Landorus|40/100 tox|[from] psn\n|upkeep\n|turn|29\n|\n|t:|1782558736\n|switch|p2a: Gholdengo|Gholdengo|99/100\n|-damage|p2a: Gholdengo|94/100|[from] Stealth Rock\n|move|p1a: Baudelaire|Iron Head|p2a: Gholdengo\n|-resisted|p2a: Gholdengo\n|-damage|p2a: Gholdengo|85/100\n|\n|-heal|p1a: Baudelaire|94/100|[from] item: Leftovers\n|upkeep\n|turn|30\n|\n|t:|1782558744\n|switch|p2a: Zamazenta|Zamazenta|100/100\n|-damage|p2a: Zamazenta|94/100|[from] Stealth Rock\n|-ability|p2a: Zamazenta|Dauntless Shield|boost\n|-boost|p2a: Zamazenta|def|1\n|move|p1a: Baudelaire|Iron Head|p2a: Zamazenta\n|-damage|p2a: Zamazenta|79/100\n|\n|-heal|p1a: Baudelaire|100/100|[from] item: Leftovers\n|upkeep\n|turn|31\n|\n|t:|1782558747\n|switch|p1a: Keats|Pecharunt|100/100\n|move|p2a: Zamazenta|Howl|p2a: Zamazenta\n|-boost|p2a: Zamazenta|atk|1\n|\n|upkeep\n|turn|32\n|\n|t:|1782558755\n|-terastallize|p2a: Zamazenta|Dark\n|move|p2a: Zamazenta|Crunch|p1a: Keats\n|-supereffective|p1a: Keats\n|-damage|p1a: Keats|16/100\n|-damage|p2a: Zamazenta|69/100|[from] item: Life Orb\n|move|p1a: Keats|Toxic|p2a: Zamazenta\n|-status|p2a: Zamazenta|tox\n|-start|p2a: Zamazenta|confusion|[from] ability: Poison Puppeteer|[of] p1a: Keats\n|\n|-damage|p2a: Zamazenta|63/100 tox|[from] psn\n|upkeep\n|turn|33\n|c|ŌśåI Walk a Path|wow how broken is zama\n|c|ŌśåI Walk a Path|what is that damage\n|c|Ōśåmagikarp soup|amen\n|\n|t:|1782558772\n|-activate|p2a: Zamazenta|confusion\n|-damage|p2a: Zamazenta|50/100 tox|[from] confusion\n|move|p1a: Keats|Recover|p1a: Keats\n|-heal|p1a: Keats|66/100\n|\n|-damage|p2a: Zamazenta|37/100 tox|[from] psn\n|upkeep\n|turn|34\n|c|Ōśåmagikarp soup|well that sucks\n|\n|t:|1782558779\n|-activate|p2a: Zamazenta|confusion\n|move|p2a: Zamazenta|Crunch|p1a: Keats\n|-supereffective|p1a: Keats\n|-damage|p1a: Keats|0 fnt\n|faint|p1a: Keats\n|-damage|p2a: Zamazenta|27/100 tox|[from] item: Life Orb\n|\n|-damage|p2a: Zamazenta|9/100 tox|[from] psn\n|upkeep\n|c|Ōśåmagikarp soup|there we go\n|\n|t:|1782558785\n|switch|p1a: Bash┼Ź|Gliscor, F|100/100 tox\n|-damage|p1a: Bash┼Ź|88/100 tox|[from] Stealth Rock\n|turn|35\n|\n|t:|1782558787\n|move|p1a: Bash┼Ź|Protect|p1a: Bash┼Ź\n|-singleturn|p1a: Bash┼Ź|Protect\n|-end|p2a: Zamazenta|confusion\n|move|p2a: Zamazenta|Crunch|p1a: Bash┼Ź\n|-activate|p1a: Bash┼Ź|move: Protect\n|\n|-damage|p2a: Zamazenta|0 fnt|[from] psn\n|faint|p2a: Zamazenta\n|-heal|p1a: Bash┼Ź|100/100 tox|[from] ability: Poison Heal\n|upkeep\n|\n|t:|1782558792\n|switch|p2a: Gholdengo|Gholdengo|85/100\n|-damage|p2a: Gholdengo|79/100|[from] Stealth Rock\n|turn|36\n|\n|t:|1782558794\n|switch|p2a: Deoxys|Deoxys-Speed|100/100\n|-damage|p2a: Deoxys|88/100|[from] Stealth Rock\n|-ability|p2a: Deoxys|Pressure\n|move|p1a: Bash┼Ź|Knock Off|p2a: Deoxys\n|-supereffective|p2a: Deoxys\n|-damage|p2a: Deoxys|22/100\n|-enditem|p2a: Deoxys|Life Orb|[from] move: Knock Off|[of] p1a: Bash┼Ź\n|\n|upkeep\n|turn|37\n|c|Ōśåmagikarp soup|wp\n|c|ŌśåI Walk a Path|thanks\n|\n|t:|1782558813\n|switch|p1a: Baudelaire|Corviknight, F, shiny|100/100\n|-damage|p1a: Baudelaire|88/100|[from] Stealth Rock\n|-ability|p1a: Baudelaire|Pressure\n|move|p2a: Deoxys|Pain Split|p1a: Baudelaire\n|-sethp|p1a: Baudelaire|51/100|[from] move: Pain Split|[silent]\n|-sethp|p2a: Deoxys|84/100|[from] move: Pain Split\n|\n|-heal|p1a: Baudelaire|57/100|[from] item: Leftovers\n|upkeep\n|turn|38\n|\n|t:|1782558818\n|move|p2a: Deoxys|Knock Off|p1a: Baudelaire\n|-damage|p1a: Baudelaire|40/100\n|-enditem|p1a: Baudelaire|Leftovers|[from] move: Knock Off|[of] p2a: Deoxys\n|move|p1a: Baudelaire|Roost|p1a: Baudelaire\n|-heal|p1a: Baudelaire|90/100\n|-singleturn|p1a: Baudelaire|move: Roost\n|\n|upkeep\n|turn|39\n|\n|t:|1782558821\n|move|p2a: Deoxys|Pain Split|p1a: Baudelaire\n|-sethp|p1a: Baudelaire|70/100|[from] move: Pain Split|[silent]\n|-sethp|p2a: Deoxys|100/100|[from] move: Pain Split\n|move|p1a: Baudelaire|Iron Head|p2a: Deoxys\n|-damage|p2a: Deoxys|59/100\n|\n|upkeep\n|turn|40\n|\n|t:|1782558825\n|move|p2a: Deoxys|Pain Split|p1a: Baudelaire\n|-sethp|p1a: Baudelaire|53/100|[from] move: Pain Split|[silent]\n|-sethp|p2a: Deoxys|88/100|[from] move: Pain Split\n|move|p1a: Baudelaire|Iron Head|p2a: Deoxys\n|-crit|p2a: Deoxys\n|-damage|p2a: Deoxys|27/100\n|\n|upkeep\n|turn|41\n|\n|t:|1782558828\n|move|p2a: Deoxys|Pain Split|p1a: Baudelaire\n|-sethp|p1a: Baudelaire|34/100|[from] move: Pain Split|[silent]\n|-sethp|p2a: Deoxys|57/100|[from] move: Pain Split\n|move|p1a: Baudelaire|Iron Head|p2a: Deoxys\n|-damage|p2a: Deoxys|14/100\n|\n|upkeep\n|turn|42\n|\n|t:|1782558836\n|move|p2a: Deoxys|Superpower|p1a: Baudelaire\n|-damage|p1a: Baudelaire|13/100\n|-unboost|p2a: Deoxys|atk|1\n|-unboost|p2a: Deoxys|def|1\n|move|p1a: Baudelaire|Iron Head|p2a: Deoxys\n|-damage|p2a: Deoxys|0 fnt\n|faint|p2a: Deoxys\n|\n|upkeep\n|c|ŌśåI Walk a Path|what is this pain split technology\n|\n|t:|1782558845\n|switch|p2a: Gholdengo|Gholdengo|79/100\n|-damage|p2a: Gholdengo|72/100|[from] Stealth Rock\n|turn|43\n|\n|t:|1782558848\n|move|p1a: Baudelaire|Protect|p1a: Baudelaire\n|-singleturn|p1a: Baudelaire|Protect\n|move|p2a: Gholdengo|Shadow Ball|p1a: Baudelaire\n|-activate|p1a: Baudelaire|move: Protect\n|\n|upkeep\n|turn|44\n|c|Ōśåmagikarp soup|its really good into like\n|c|Ōśåmagikarp soup|everything\n|c|Ōśåmagikarp soup|deo has no health and decent bulk\n|c|Ōśåmagikarp soup|so you kinda end up lasting pretty long\n|c|ŌśåI Walk a Path|what decent bulk\n|\n|t:|1782558876\n|move|p2a: Gholdengo|Shadow Ball|p1a: Baudelaire\n|-damage|p1a: Baudelaire|0 fnt\n|faint|p1a: Baudelaire\n|\n|upkeep\n|c|ŌśåI Walk a Path|it has less bulk than ival\n|\n|t:|1782558883\n|switch|p1a: Whitman|Dondozo, F|68/100\n|turn|45\n|c|Ōśåmagikarp soup|the stat itself\n|c|Ōśåmagikarp soup|!dt deo speed\n'deo speed' has no exact match. Approximate match:\n|c|Ōśåmagikarp soup|/raw <div class=\"message\"><ul class=\"utilichart\"><li class=\"result\"><span class=\"col numcol\">OU</span> <span class=\"col iconcol\"><psicon pokemon=\"deoxysspeed\"/></span> <span class=\"col pokemonnamecol\" style=\"white-space:nowrap\"><a href=\"https://dex.pokemonshowdown.com/pokemon/deoxysspeed\" target=\"_blank\">Deoxys-Speed</a></span> <span class=\"col typecol\"><img src=\"https://play.pokemonshowdown.com/sprites/types/Psychic.png\" alt=\"Psychic\" height=\"14\" width=\"32\"></span> <span style=\"float:left;min-height:26px\"><span class=\"col abilitycol\">Pressure</span><span class=\"col abilitycol\"></span></span><span style=\"float:left;min-height:26px\"><span class=\"col statcol\"><em>HP</em><br />50</span> <span class=\"col statcol\"><em>Atk</em><br />95</span> <span class=\"col statcol\"><em>Def</em><br />90</span> <span class=\"col statcol\"><em>SpA</em><br />95</span> <span class=\"col statcol\"><em>SpD</em><br />90</span> <span class=\"col statcol\"><em>Spe</em><br />180</span> <span class=\"col bstcol\"><em>BST<br />600</em></span> </span></li><li style=\"clear:both\"></li></ul></div>\n|c|Ōśåmagikarp soup|/raw <font size=\"1\"><font color=\"#686868\">Dex#:</font> 386&nbsp;|&ThickSpace;<font color=\"#686868\">Gen:</font> 3&nbsp;|&ThickSpace;<font color=\"#686868\">Height:</font> 1.7 m&nbsp;|&ThickSpace;<font color=\"#686868\">Weight:</font> 60.8 kg <em>(80 BP)</em>&nbsp;|&ThickSpace;<font color=\"#686868\">Dex Colour:</font> Red&nbsp;|&ThickSpace;<font color=\"#686868\">Egg Group(s):</font> Undiscovered&nbsp;|&ThickSpace;<font color=\"#686868\">Does Not Evolve</font></font>\n\n|c|Ōśåmagikarp soup|90 90 isnt horrid\n|c|ŌśåI Walk a Path|ival is 65 /90\n|c|ŌśåI Walk a Path|phys\n|inactive|magikarp soup has 120 seconds left.\n|c|Ōśåmagikarp soup|youll take the ting eq for example\n|c|Ōśåmagikarp soup|so you get to split often\n|inactive|I Walk a Path has 120 seconds left.\n|\n|t:|1782558927\n|move|p2a: Gholdengo|Shadow Ball|p1a: Whitman\n|-damage|p1a: Whitman|34/100\n|-unboost|p1a: Whitman|spd|1\n|move|p1a: Whitman|Rest|p1a: Whitman\n|-status|p1a: Whitman|slp|[from] move: Rest\n|-heal|p1a: Whitman|100/100 slp|[silent]\n|\n|upkeep\n|turn|46\n|inactive|I Walk a Path has 120 seconds left.\n|c|Ōśåmagikarp soup|the things that kill you usually dont wanna be in vs you anyway\n|\n|t:|1782558940\n|switch|p1a: Bash┼Ź|Gliscor, F|100/100 tox\n|-damage|p1a: Bash┼Ź|88/100 tox|[from] Stealth Rock\n|move|p2a: Gholdengo|Make It Rain|p1a: Bash┼Ź\n|-damage|p1a: Bash┼Ź|27/100 tox\n|-unboost|p2a: Gholdengo|spa|1\n|\n|-heal|p1a: Bash┼Ź|39/100 tox|[from] ability: Poison Heal\n|upkeep\n|turn|47\n|inactive|I Walk a Path has 120 seconds left.\n|\n|t:|1782558957\n|move|p1a: Bash┼Ź|Knock Off|p2a: Gholdengo\n|-supereffective|p2a: Gholdengo\n|-damage|p2a: Gholdengo|51/100\n|move|p2a: Gholdengo|Nasty Plot|p2a: Gholdengo\n|-boost|p2a: Gholdengo|spa|2\n|\n|-heal|p1a: Bash┼Ź|52/100 tox|[from] ability: Poison Heal\n|upkeep\n|turn|48\n|\n|t:|1782558964\n|move|p1a: Bash┼Ź|Protect|p1a: Bash┼Ź\n|-singleturn|p1a: Bash┼Ź|Protect\n|move|p2a: Gholdengo|Make It Rain|p1a: Bash┼Ź\n|-activate|p1a: Bash┼Ź|move: Protect\n|\n|-heal|p1a: Bash┼Ź|64/100 tox|[from] ability: Poison Heal\n|upkeep\n|turn|49\n|inactive|I Walk a Path has 120 seconds left.\n|\n|t:|1782558977\n|switch|p1a: Rimbaud|Clodsire, F|88/100\n|move|p2a: Gholdengo|Recover|p2a: Gholdengo\n|-heal|p2a: Gholdengo|100/100\n|\n|upkeep\n|turn|50\n|inactive|I Walk a Path has 120 seconds left.\n|\n|t:|1782558987\n|switch|p2a: Landorus|Landorus-Therian, M|40/100 tox\n|-damage|p2a: Landorus|28/100 tox|[from] Stealth Rock\n|-ability|p2a: Landorus|Intimidate|boost\n|-unboost|p1a: Rimbaud|atk|1\n|move|p1a: Rimbaud|Amnesia|p1a: Rimbaud\n|-boost|p1a: Rimbaud|spd|2\n|\n|-damage|p2a: Landorus|22/100 tox|[from] psn\n|upkeep\n|turn|51\n|inactive|I Walk a Path has 120 seconds left.\n|c|ŌśåI Walk a Path|bro i dont trust anything after seeing this lando set\n|c|ŌśåI Walk a Path|gonna use eq next or what\n|\n|t:|1782559016\n|switch|p1a: Bash┼Ź|Gliscor, F|64/100 tox\n|-damage|p1a: Bash┼Ź|52/100 tox|[from] Stealth Rock\n|move|p2a: Landorus|Earth Power|p1a: Bash┼Ź\n|-immune|p1a: Bash┼Ź\n|\n|-damage|p2a: Landorus|10/100 tox|[from] psn\n|-heal|p1a: Bash┼Ź|64/100 tox|[from] ability: Poison Heal\n|upkeep\n|turn|52\n|c|Ōśåmagikarp soup|heartbreak emoji\n|\n|t:|1782559023\n|move|p1a: Bash┼Ź|Protect|p1a: Bash┼Ź\n|-singleturn|p1a: Bash┼Ź|Protect\n|move|p2a: Landorus|Grass Knot|p1a: Bash┼Ź\n|-activate|p1a: Bash┼Ź|move: Protect\n|\n|-damage|p2a: Landorus|0 fnt|[from] psn\n|faint|p2a: Landorus\n|-heal|p1a: Bash┼Ź|77/100 tox|[from] ability: Poison Heal\n|upkeep\n|c|Ōśåmagikarp soup|well since it died\n|c|Ōśåmagikarp soup|!showset 1\n|c| magikarp soup|/raw <div class=\"infobox\">Landorus (Landorus-Therian) (M) @ Life Orb  <br />Ability: Intimidate  <br />Tera Type: Grass  <br />EVs: 252 SpA &#x2f; 4 SpD &#x2f; 252 Spe  <br />Timid Nature  <br />IVs: 0 Atk  <br />- Nasty Plot  <br />- Grass Knot  <br />- Earth Power  <br />- Stealth Rock  <br /><br /></div>\n|c|ŌśåI Walk a Path|wtf is this set\n|c|ŌśåI Walk a Path|weather ball lando ass\n|c|Ōśåmagikarp soup|nearly always forces rocks\n|c|ŌśåI Walk a Path|wait do you wanna see something\n|c|ŌśåI Walk a Path|really tugg\n|c|ŌśåI Walk a Path|tuff\n|inactive|magikarp soup has 120 seconds left.\n|c|Ōśåmagikarp soup|+2 ohkoes physdef mola and hatt\n|c|Ōśåmagikarp soup|yea leak\n|c|ŌśåI Walk a Path|!showset 6\n|c| I Walk a Path|/raw <div class=\"infobox\">Keats (Pecharunt) @ Heavy-Duty Boots  <br />Ability: Poison Puppeteer  <br />Tera Type: Ghost  <br />EVs: 248 HP &#x2f; 208 Def &#x2f; 52 Spe  <br />Bold Nature  <br />IVs: 0 Atk  <br />- Recover  <br />- Toxic  <br />- Mean Look  <br />- Curse  <br /><br /></div>\n|c|Ōśåmagikarp soup|holy aura\n|c|Ōśåmagikarp soup|yo i ran this in draft before\n|c|ŌśåI Walk a Path|nah we got bro playing draft\n|inactive|magikarp soup has 90 seconds left.\n|c|ŌśåI Walk a Path|holy technology\n|c|Ōśåmagikarp soup|yo a guy doesnt just come up with np lorb lando\n|c|Ōśåmagikarp soup|lmao\n|\n|t:|1782559096\n|switch|p2a: Gholdengo|Gholdengo|100/100\n|-damage|p2a: Gholdengo|94/100|[from] Stealth Rock\n|turn|53\n|inactive|I Walk a Path has 120 seconds left.\n|c|ŌśåI Walk a Path|crazy that lando learns np\n|\n|t:|1782559103\n|move|p1a: Bash┼Ź|Knock Off|p2a: Gholdengo\n|-supereffective|p2a: Gholdengo\n|-damage|p2a: Gholdengo|75/100\n|move|p2a: Gholdengo|Nasty Plot|p2a: Gholdengo\n|-boost|p2a: Gholdengo|spa|2\n|\n|-heal|p1a: Bash┼Ź|89/100 tox|[from] ability: Poison Heal\n|upkeep\n|turn|54\n|c|Ōśåmagikarp soup|yea\n|c|Ōśåmagikarp soup|tera lando acc ohkoes ting\n|c|Ōśåmagikarp soup|at +2\n|inactive|magikarp soup has 90 seconds left.\n|c|Ōśåmagikarp soup|so does +4 non tera\n|\n|t:|1782559126\n|move|p1a: Bash┼Ź|Protect|p1a: Bash┼Ź\n|-singleturn|p1a: Bash┼Ź|Protect\n|move|p2a: Gholdengo|Shadow Ball|p1a: Bash┼Ź\n|-activate|p1a: Bash┼Ź|move: Protect\n|\n|-heal|p1a: Bash┼Ź|100/100 tox|[from] ability: Poison Heal\n|upkeep\n|turn|55\n|c|ŌśåI Walk a Path|do you wanna know a secret\n|\n|t:|1782559134\n|switch|p1a: Rimbaud|Clodsire, F|88/100\n|move|p2a: Gholdengo|Shadow Ball|p1a: Rimbaud\n|-damage|p1a: Rimbaud|69/100\n|\n|upkeep\n|turn|56\n|c|Ōśåmagikarp soup|go ahead\n|inactive|magikarp soup has 90 seconds left.\n|\n|t:|1782559146\n|move|p2a: Gholdengo|Shadow Ball|p1a: Rimbaud\n|-damage|p1a: Rimbaud|48/100\n|move|p1a: Rimbaud|Amnesia|p1a: Rimbaud\n|-boost|p1a: Rimbaud|spd|2\n|\n|upkeep\n|turn|57\n|c|ŌśåI Walk a Path|these lu dnite ghold spammers are so ass at the game\n|inactive|magikarp soup has 90 seconds left.\n|c|ŌśåI Walk a Path|they always leave lu against tusk\n|j| jeffbuckleyenjoyer\n|c|Ōśåmagikarp soup|they do\n|c|ŌśåI Walk a Path|idk why idk how\n|\n|t:|1782559164\n|switch|p2a: Samurott|Samurott-Hisui, M|49/100 tox\n|-damage|p2a: Samurott|37/100 tox|[from] Stealth Rock\n|move|p1a: Rimbaud|Recover|p1a: Rimbaud\n|-heal|p1a: Rimbaud|98/100\n|\n|-damage|p2a: Samurott|31/100 tox|[from] psn\n|upkeep\n|turn|58\n|c|ŌśåI Walk a Path|they always do\n|\n|t:|1782559170\n|switch|p1a: Bash┼Ź|Gliscor, F|100/100 tox\n|-damage|p1a: Bash┼Ź|88/100 tox|[from] Stealth Rock\n|move|p2a: Samurott|Knock Off|p1a: Bash┼Ź\n|-crit|p1a: Bash┼Ź\n|-damage|p1a: Bash┼Ź|49/100 tox\n|-enditem|p1a: Bash┼Ź|Toxic Orb|[from] move: Knock Off|[of] p2a: Samurott\n|\n|-heal|p1a: Bash┼Ź|61/100 tox|[from] ability: Poison Heal\n|-damage|p2a: Samurott|19/100 tox|[from] psn\n|upkeep\n|turn|59\n|\n|t:|1782559177\n|move|p1a: Bash┼Ź|Knock Off|p2a: Samurott\n|-resisted|p2a: Samurott\n|-damage|p2a: Samurott|8/100 tox\n|-enditem|p2a: Samurott|Assault Vest|[from] move: Knock Off|[of] p1a: Bash┼Ź\n|move|p2a: Samurott|Flip Turn|p1a: Bash┼Ź\n|-supereffective|p1a: Bash┼Ź\n|-damage|p1a: Bash┼Ź|27/100 tox\n|c|Ōśåmagikarp soup|like twin the cc IS coming\n|inactive|magikarp soup has 90 seconds left.\n|\n|t:|1782559192\n|switch|p2a: Pecharunt|Pecharunt|100/100|[from] Flip Turn\n|\n|-heal|p1a: Bash┼Ź|39/100 tox|[from] ability: Poison Heal\n|upkeep\n|turn|60\n|j| nonchalantbufalant\n|c|ŌśåI Walk a Path|they just expect the headlong\n|c|ŌśåI Walk a Path|always\n|j| latespring14\n|c|Ōśåmagikarp soup|anyway i do lose here\n|c|ŌśåI Walk a Path|i think you just had to\n|c|Ōśåmagikarp soup|whys all these guys joining\n|c|ŌśåI Walk a Path|spam shadow ball\n|c|ŌśåI Walk a Path|since turn 1\n|c|ŌśåI Walk a Path|idk\n|c|Ōśåmagikarp soup|if i do that i kinda run out of pp\n|inactive|I Walk a Path has 120 seconds left.\n|c|ŌśåI Walk a Path|ghold breaks clod long term\n|c|ŌśåI Walk a Path|ye but np forces clod\n|c|Ōśåmagikarp soup|you just go into the corv\n|\n|t:|1782559231\n|move|p1a: Bash┼Ź|Knock Off|p2a: Pecharunt\n|-supereffective|p2a: Pecharunt\n|-damage|p2a: Pecharunt|79/100\n|-enditem|p2a: Pecharunt|Heavy-Duty Boots|[from] move: Knock Off|[of] p1a: Bash┼Ź\n|move|p2a: Pecharunt|Shadow Ball|p1a: Bash┼Ź\n|-damage|p1a: Bash┼Ź|8/100 tox\n|\n|-heal|p1a: Bash┼Ź|21/100 tox|[from] ability: Poison Heal\n|upkeep\n|turn|61\n|c|Ōśåmagikarp soup|ah\n|c|Ōśåmagikarp soup|fair\n|inactive|I Walk a Path has 120 seconds left.\n|l| jeffbuckleyenjoyer\n|l| latespring14\n|c|Ōśåmagikarp soup|wait but amnesia\n|c|ŌśåI Walk a Path|switch out\n|\n|t:|1782559244\n|move|p1a: Bash┼Ź|Knock Off|p2a: Pecharunt\n|-supereffective|p2a: Pecharunt\n|-crit|p2a: Pecharunt\n|-damage|p2a: Pecharunt|59/100\n|move|p2a: Pecharunt|Shadow Ball|p1a: Bash┼Ź\n|-crit|p1a: Bash┼Ź\n|-damage|p1a: Bash┼Ź|0 fnt\n|faint|p1a: Bash┼Ź\n|\n|upkeep\n|c|Ōśåmagikarp soup|mb\n|inactive|I Walk a Path has 120 seconds left.\n|c|ŌśåI Walk a Path|its g\n|c| nonchalantbufalant|Buddy walking on a mapped out path and he still couldn't predict Jim\n|\n|t:|1782559257\n|switch|p1a: Rimbaud|Clodsire, F|98/100\n|turn|62\n|inactive|I Walk a Path has 120 seconds left.\n|c|ŌśåI Walk a Path|I walk a path\n|c|ŌśåI Walk a Path|a path that was aligned for me\n|c|ŌśåI Walk a Path|since the beginning of time\n|c|Ōśåmagikarp soup|i love paths\n|c|Ōśåmagikarp soup|500 paths\n|c|ŌśåI Walk a Path|the creator gave me life through abundance\n|c|ŌśåI Walk a Path|i ran into cb poltergeist pecha the other day\n|c|ŌśåI Walk a Path|time to get cooked\n|\n|t:|1782559291\n|move|p2a: Pecharunt|Recover|p2a: Pecharunt\n|-heal|p2a: Pecharunt|100/100\n|move|p1a: Rimbaud|Amnesia|p1a: Rimbaud\n|-boost|p1a: Rimbaud|spd|2\n|\n|upkeep\n|turn|63\n|c| nonchalantbufalant|A path to the ultimate destiny... Being the impostor\n|c|Ōśåmagikarp soup|lmfao\n|\n|t:|1782559299\n|move|p2a: Pecharunt|Parting Shot|p1a: Rimbaud\n|-unboost|p1a: Rimbaud|atk|1\n|-unboost|p1a: Rimbaud|spa|1\n|\n|t:|1782559301\n|switch|p2a: Gholdengo|Gholdengo|75/100|[from] Parting Shot\n|-damage|p2a: Gholdengo|69/100|[from] Stealth Rock\n|move|p1a: Rimbaud|Amnesia|p1a: Rimbaud\n|-boost|p1a: Rimbaud|spd|2\n|\n|upkeep\n|turn|64\n|c| nonchalantbufalant|I ruined it\n|\n|t:|1782559304\n|switch|p2a: Pecharunt|Pecharunt|100/100\n|-damage|p2a: Pecharunt|88/100|[from] Stealth Rock\n|move|p1a: Rimbaud|Amnesia|p1a: Rimbaud\n|-boost|p1a: Rimbaud|spd|2\n|\n|upkeep\n|turn|65\n|c| nonchalantbufalant|Fuck\n|l| dante1310\n|\n|t:|1782559309\n|move|p2a: Pecharunt|Parting Shot|p1a: Rimbaud\n|-unboost|p1a: Rimbaud|atk|1\n|-unboost|p1a: Rimbaud|spa|1\n|\n|t:|1782559312\n|switch|p2a: Gholdengo|Gholdengo|69/100|[from] Parting Shot\n|-damage|p2a: Gholdengo|63/100|[from] Stealth Rock\n|move|p1a: Rimbaud|Bulldoze|p2a: Gholdengo\n|-supereffective|p2a: Gholdengo\n|-damage|p2a: Gholdengo|50/100\n|-unboost|p2a: Gholdengo|spe|1\n|\n|upkeep\n|turn|66\n|\n|t:|1782559315\n|move|p2a: Gholdengo|Recover|p2a: Gholdengo\n|-heal|p2a: Gholdengo|100/100\n|move|p1a: Rimbaud|Bulldoze|p2a: Gholdengo\n|-supereffective|p2a: Gholdengo\n|-damage|p2a: Gholdengo|87/100\n|-unboost|p2a: Gholdengo|spe|1\n|\n|upkeep\n|turn|67\n|c|ŌśåI Walk a Path|no way am i getting pp stalled\n|c|ŌśåI Walk a Path|lmfaoaoo\n|\n|t:|1782559326\n|switch|p2a: Pecharunt|Pecharunt|88/100\n|-damage|p2a: Pecharunt|76/100|[from] Stealth Rock\n|move|p1a: Rimbaud|Bulldoze|p2a: Pecharunt\n|-supereffective|p2a: Pecharunt\n|-damage|p2a: Pecharunt|67/100\n|-unboost|p2a: Pecharunt|spe|1\n|\n|upkeep\n|turn|68\n|c|Ōśåmagikarp soup|lmao its my only out i think\n|\n|t:|1782559337\n|switch|p2a: Gholdengo|Gholdengo|87/100\n|-damage|p2a: Gholdengo|81/100|[from] Stealth Rock\n|move|p1a: Rimbaud|Bulldoze|p2a: Gholdengo\n|-supereffective|p2a: Gholdengo\n|-damage|p2a: Gholdengo|68/100\n|-unboost|p2a: Gholdengo|spe|1\n|\n|upkeep\n|turn|69\n|c|ŌśåI Walk a Path|wait does it acc work\n|\n|t:|1782559350\n|switch|p2a: Pecharunt|Pecharunt|67/100\n|-damage|p2a: Pecharunt|55/100|[from] Stealth Rock\n|move|p1a: Rimbaud|Bulldoze|p2a: Pecharunt\n|-supereffective|p2a: Pecharunt\n|-damage|p2a: Pecharunt|47/100\n|-unboost|p2a: Pecharunt|spe|1\n|\n|upkeep\n|turn|70\n|c|Ōśåmagikarp soup|youre forced out if you wanna save pp and then you arent amnesiaed\n|l| nonchalantbufalant\n|c|Ōśåmagikarp soup|so i think so?\n|\n|t:|1782559360\n|move|p2a: Pecharunt|Recover|p2a: Pecharunt\n|-heal|p2a: Pecharunt|97/100\n|move|p1a: Rimbaud|Bulldoze|p2a: Pecharunt\n|-supereffective|p2a: Pecharunt\n|-damage|p2a: Pecharunt|89/100\n|-unboost|p2a: Pecharunt|spe|1\n|\n|upkeep\n|turn|71\n|c|ŌśåI Walk a Path|ye but i have 10 bazillion pp\n|c|Ōśåmagikarp soup|that is also true\n|\n|t:|1782559371\n|move|p2a: Pecharunt|Parting Shot|p1a: Rimbaud\n|-unboost|p1a: Rimbaud|atk|1\n|-unboost|p1a: Rimbaud|spa|1\n|\n|t:|1782559373\n|switch|p2a: Gholdengo|Gholdengo|68/100|[from] Parting Shot\n|-damage|p2a: Gholdengo|62/100|[from] Stealth Rock\n|move|p1a: Rimbaud|Bulldoze|p2a: Gholdengo\n|-supereffective|p2a: Gholdengo\n|-damage|p2a: Gholdengo|52/100\n|-unboost|p2a: Gholdengo|spe|1\n|\n|upkeep\n|turn|72\n|\n|t:|1782559376\n|move|p2a: Gholdengo|Recover|p2a: Gholdengo\n|-heal|p2a: Gholdengo|100/100\n|move|p1a: Rimbaud|Bulldoze|p2a: Gholdengo\n|-supereffective|p2a: Gholdengo\n|-damage|p2a: Gholdengo|91/100\n|-unboost|p2a: Gholdengo|spe|1\n|\n|upkeep\n|turn|73\n|c|Ōśåmagikarp soup|is this sting\n|c|Ōśåmagikarp soup|this is totally sting\n|\n|t:|1782559392\n|switch|p2a: Pecharunt|Pecharunt|89/100\n|-damage|p2a: Pecharunt|76/100|[from] Stealth Rock\n|move|p1a: Rimbaud|Bulldoze|p2a: Pecharunt\n|-supereffective|p2a: Pecharunt\n|-damage|p2a: Pecharunt|70/100\n|-unboost|p2a: Pecharunt|spe|1\n|\n|upkeep\n|turn|74\n|c|ŌśåI Walk a Path|who\n|c|ŌśåI Walk a Path|or what\n|c|Ōśåmagikarp soup|clod\n|j| Kathryne Keyron\n|\n|t:|1782559407\n|switch|p2a: Gholdengo|Gholdengo|91/100\n|-damage|p2a: Gholdengo|85/100|[from] Stealth Rock\n|move|p1a: Rimbaud|Bulldoze|p2a: Gholdengo\n|-supereffective|p2a: Gholdengo\n|-damage|p2a: Gholdengo|75/100\n|-unboost|p2a: Gholdengo|spe|1\n|\n|upkeep\n|turn|75\n|\n|t:|1782559415\n|switch|p2a: Pecharunt|Pecharunt|70/100\n|-damage|p2a: Pecharunt|58/100|[from] Stealth Rock\n|move|p1a: Rimbaud|Bulldoze|p2a: Pecharunt\n|-supereffective|p2a: Pecharunt\n|-damage|p2a: Pecharunt|51/100\n|-unboost|p2a: Pecharunt|spe|1\n|\n|upkeep\n|turn|76\n|\n|t:|1782559420\n|move|p2a: Pecharunt|Recover|p2a: Pecharunt\n|-heal|p2a: Pecharunt|100/100\n|move|p1a: Rimbaud|Bulldoze|p2a: Pecharunt\n|-supereffective|p2a: Pecharunt\n|-damage|p2a: Pecharunt|94/100\n|-unboost|p2a: Pecharunt|spe|1\n|\n|upkeep\n|turn|77\n|\n|t:|1782559425\n|switch|p2a: Gholdengo|Gholdengo|75/100\n|-damage|p2a: Gholdengo|69/100|[from] Stealth Rock\n|move|p1a: Rimbaud|Bulldoze|p2a: Gholdengo\n|-supereffective|p2a: Gholdengo\n|-damage|p2a: Gholdengo|59/100\n|-unboost|p2a: Gholdengo|spe|1\n|\n|upkeep\n|turn|78\n|\n|t:|1782559429\n|switch|p2a: Pecharunt|Pecharunt|94/100\n|-damage|p2a: Pecharunt|82/100|[from] Stealth Rock\n|move|p1a: Rimbaud|Bulldoze|p2a: Pecharunt\n|-supereffective|p2a: Pecharunt\n|-damage|p2a: Pecharunt|75/100\n|-unboost|p2a: Pecharunt|spe|1\n|\n|upkeep\n|turn|79\n|\n|t:|1782559432\n|move|p2a: Pecharunt|Parting Shot|p1a: Rimbaud\n|-unboost|p1a: Rimbaud|atk|1\n|-unboost|p1a: Rimbaud|spa|1\n|\n|t:|1782559434\n|switch|p2a: Gholdengo|Gholdengo|59/100|[from] Parting Shot\n|-damage|p2a: Gholdengo|53/100|[from] Stealth Rock\n|move|p1a: Rimbaud|Bulldoze|p2a: Gholdengo\n|-supereffective|p2a: Gholdengo\n|-damage|p2a: Gholdengo|45/100\n|-unboost|p2a: Gholdengo|spe|1\n|\n|upkeep\n|turn|80\n|\n|t:|1782559440\n|move|p2a: Gholdengo|Recover|p2a: Gholdengo\n|-heal|p2a: Gholdengo|95/100\n|move|p1a: Rimbaud|Bulldoze|p2a: Gholdengo\n|-supereffective|p2a: Gholdengo\n|-damage|p2a: Gholdengo|86/100\n|-unboost|p2a: Gholdengo|spe|1\n|\n|upkeep\n|turn|81\n|\n|t:|1782559445\n|switch|p2a: Pecharunt|Pecharunt|75/100\n|-damage|p2a: Pecharunt|63/100|[from] Stealth Rock\n|switch|p1a: Whitman|Dondozo, F|100/100 slp\n|\n|upkeep\n|turn|82\n|\n|t:|1782559453\n|switch|p2a: Samurott|Samurott-Hisui, M|8/100 tox\n|-damage|p2a: Samurott|0 fnt|[from] Stealth Rock\n|faint|p2a: Samurott\n|cant|p1a: Whitman|slp\n|move|p1a: Whitman|Sleep Talk|p1a: Whitman\n|move|p1a: Whitman|Body Press|p2: Samurott|[from] move: Sleep Talk|[notarget]\n|-fail|p1a: Whitman\n|\n|upkeep\n|\n|t:|1782559457\n|switch|p2a: Gholdengo|Gholdengo|86/100\n|-damage|p2a: Gholdengo|80/100|[from] Stealth Rock\n|turn|83\n|c|ŌśåI Walk a Path|the turntables\n|\n|t:|1782559463\n|move|p2a: Gholdengo|Shadow Ball|p1a: Whitman\n|-damage|p1a: Whitman|63/100 slp\n|cant|p1a: Whitman|slp\n|move|p1a: Whitman|Sleep Talk|p1a: Whitman\n|move|p1a: Whitman|Crunch|p2a: Gholdengo|[from] move: Sleep Talk\n|-supereffective|p2a: Gholdengo\n|-damage|p2a: Gholdengo|53/100\n|\n|upkeep\n|turn|84\n|\n|t:|1782559476\n|move|p2a: Gholdengo|Shadow Ball|p1a: Whitman\n|-damage|p1a: Whitman|26/100 slp\n|-curestatus|p1a: Whitman|slp|[msg]\n|move|p1a: Whitman|Rest|p1a: Whitman\n|-status|p1a: Whitman|slp|[from] move: Rest\n|-heal|p1a: Whitman|100/100 slp|[silent]\n|\n|upkeep\n|turn|85\n|\n|t:|1782559479\n|move|p2a: Gholdengo|Shadow Ball|p1a: Whitman\n|-damage|p1a: Whitman|63/100 slp\n|cant|p1a: Whitman|slp\n|move|p1a: Whitman|Sleep Talk|p1a: Whitman\n|move|p1a: Whitman|Crunch|p2a: Gholdengo|[from] move: Sleep Talk\n|-supereffective|p2a: Gholdengo\n|-damage|p2a: Gholdengo|27/100\n|\n|upkeep\n|turn|86\n|c|ŌśåI Walk a Path|this dozo is 1v9 wtf\n|\n|t:|1782559495\n|switch|p1a: Rimbaud|Clodsire, F|98/100\n|move|p2a: Gholdengo|Recover|p2a: Gholdengo\n|-heal|p2a: Gholdengo|77/100\n|\n|upkeep\n|turn|87\n|c|Ōśåmagikarp soup|lmao\n|c|ŌśåI Walk a Path|do you play league\n|\n|t:|1782559510\n|move|p2a: Gholdengo|Shadow Ball|p1a: Rimbaud\n|-damage|p1a: Rimbaud|77/100\n|-unboost|p1a: Rimbaud|spd|1\n|move|p1a: Rimbaud|Bulldoze|p2a: Gholdengo\n|-supereffective|p2a: Gholdengo\n|-damage|p2a: Gholdengo|55/100\n|-unboost|p2a: Gholdengo|spe|1\n|\n|upkeep\n|turn|88\n|c|Ōśåmagikarp soup|of legends,\n|c|Ōśåmagikarp soup|?\n|c|ŌśåI Walk a Path|ye,\n|c|Ōśåmagikarp soup|i do nit\n|j| dante1310\n|c|ŌśåI Walk a Path|dam\n|\n|t:|1782559533\n|-terastallize|p1a: Rimbaud|Steel\n|move|p2a: Gholdengo|Shadow Ball|p1a: Rimbaud\n|-damage|p1a: Rimbaud|43/100\n|move|p1a: Rimbaud|Amnesia|p1a: Rimbaud\n|-boost|p1a: Rimbaud|spd|2\n|\n|upkeep\n|turn|89\n|c|Ōśåmagikarp soup|had a feeling\n|\n|t:|1782559545\n|switch|p2a: Pecharunt|Pecharunt|63/100\n|-damage|p2a: Pecharunt|50/100|[from] Stealth Rock\n|move|p1a: Rimbaud|Recover|p1a: Rimbaud\n|-heal|p1a: Rimbaud|93/100\n|\n|upkeep\n|turn|90\n|c|ŌśåI Walk a Path|spidey sensation\n|\n|t:|1782559549\n|move|p2a: Pecharunt|Recover|p2a: Pecharunt\n|-heal|p2a: Pecharunt|99/100\n|move|p1a: Rimbaud|Bulldoze|p2a: Pecharunt\n|-supereffective|p2a: Pecharunt\n|-damage|p2a: Pecharunt|85/100\n|-unboost|p2a: Pecharunt|spe|1\n|\n|upkeep\n|turn|91\n|c|Ōśåmagikarp soup|truth\n|\n|t:|1782559553\n|move|p2a: Pecharunt|Parting Shot|p1a: Rimbaud\n|-unboost|p1a: Rimbaud|atk|1\n|-unboost|p1a: Rimbaud|spa|1\n|\n|t:|1782559554\n|switch|p2a: Gholdengo|Gholdengo|55/100|[from] Parting Shot\n|-damage|p2a: Gholdengo|49/100|[from] Stealth Rock\n|move|p1a: Rimbaud|Bulldoze|p2a: Gholdengo\n|-supereffective|p2a: Gholdengo\n|-damage|p2a: Gholdengo|33/100\n|-unboost|p2a: Gholdengo|spe|1\n|\n|upkeep\n|turn|92\n|\n|t:|1782559557\n|move|p2a: Gholdengo|Recover|p2a: Gholdengo\n|-heal|p2a: Gholdengo|83/100\n|move|p1a: Rimbaud|Bulldoze|p2a: Gholdengo\n|-supereffective|p2a: Gholdengo\n|-damage|p2a: Gholdengo|68/100\n|-unboost|p2a: Gholdengo|spe|1\n|\n|upkeep\n|turn|93\n|c|Ōśåmagikarp soup|yea i do still lose i think\n|\n|t:|1782559566\n|switch|p2a: Pecharunt|Pecharunt|85/100\n|-damage|p2a: Pecharunt|73/100|[from] Stealth Rock\n|move|p1a: Rimbaud|Bulldoze|p2a: Pecharunt\n|-supereffective|p2a: Pecharunt\n|-damage|p2a: Pecharunt|63/100\n|-unboost|p2a: Pecharunt|spe|1\n|\n|upkeep\n|turn|94\n|\n|t:|1782559573\n|move|p2a: Pecharunt|Shadow Ball|p1a: Rimbaud\n|-damage|p1a: Rimbaud|82/100\n|move|p1a: Rimbaud|Bulldoze|p2a: Pecharunt\n|-supereffective|p2a: Pecharunt\n|-damage|p2a: Pecharunt|53/100\n|-unboost|p2a: Pecharunt|spe|1\n|\n|upkeep\n|turn|95\n|l| dante1310\n|\n|t:|1782559577\n|move|p2a: Pecharunt|Recover|p2a: Pecharunt\n|-heal|p2a: Pecharunt|100/100\n|move|p1a: Rimbaud|Bulldoze|p2a: Pecharunt\n|-supereffective|p2a: Pecharunt\n|-damage|p2a: Pecharunt|90/100\n|-unboost|p2a: Pecharunt|spe|1\n|\n|upkeep\n|turn|96\n|c|ŌśåI Walk a Path|ngl first person today to\n|c|ŌśåI Walk a Path|not tell me to end my shi clean\n|\n|t:|1782559612\n|move|p2a: Pecharunt|Shadow Ball|p1a: Rimbaud\n|-damage|p1a: Rimbaud|73/100\n|move|p1a: Rimbaud|Amnesia|p1a: Rimbaud\n|-boost|p1a: Rimbaud|spd|2\n|\n|upkeep\n|turn|97\n|c| Kathryne Keyron|cant pech kill those guys if its the last one standing?\n|c|Ōśåmagikarp soup|im sorry to hear king\n|c| Kathryne Keyron|oh nvm\n|c|ŌśåI Walk a Path|dont be bro i play league im used to ts\n|\n|t:|1782559630\n|move|p2a: Pecharunt|Parting Shot|p1a: Rimbaud\n|-unboost|p1a: Rimbaud|atk|1\n|-unboost|p1a: Rimbaud|spa|1\n|\n|t:|1782559632\n|switch|p2a: Gholdengo|Gholdengo|68/100|[from] Parting Shot\n|-damage|p2a: Gholdengo|62/100|[from] Stealth Rock\n|move|p1a: Rimbaud|Amnesia|p1a: Rimbaud\n|-boost|p1a: Rimbaud|spd|2\n|\n|upkeep\n|turn|98\n|\n|t:|1782559636\n|switch|p2a: Pecharunt|Pecharunt|90/100\n|-damage|p2a: Pecharunt|78/100|[from] Stealth Rock\n|switch|p1a: Whitman|Dondozo, F|63/100 slp\n|\n|upkeep\n|turn|99\n|c|Ōśåmagikarp soup|it just aint right twin\n|\n|t:|1782559643\n|move|p2a: Pecharunt|Shadow Ball|p1a: Whitman\n|-damage|p1a: Whitman|39/100 slp\n|-unboost|p1a: Whitman|spd|1\n|cant|p1a: Whitman|slp\n|move|p1a: Whitman|Sleep Talk|p1a: Whitman\n|move|p1a: Whitman|Body Press|p2a: Pecharunt|[from] move: Sleep Talk\n|-immune|p2a: Pecharunt\n|\n|upkeep\n|turn|100\n|c|ŌśåI Walk a Path|yo can you stop\n|c|ŌśåI Walk a Path|dropping\n|c|ŌśåI Walk a Path|wtf\n|c|Ōśåmagikarp soup|no!\n|\n|t:|1782559656\n|move|p2a: Pecharunt|Shadow Ball|p1a: Whitman\n|-damage|p1a: Whitman|3/100 slp\n|-curestatus|p1a: Whitman|slp|[msg]\n|move|p1a: Whitman|Rest|p1a: Whitman\n|-status|p1a: Whitman|slp|[from] move: Rest\n|-heal|p1a: Whitman|100/100 slp|[silent]\n|\n|upkeep\n|turn|101\n|c|Ōśåmagikarp soup|hooyy\n|\n|t:|1782559666\n|switch|p1a: Rimbaud|Clodsire, F, tera:Steel|73/100\n|move|p2a: Pecharunt|Shadow Ball|p1a: Rimbaud\n|-damage|p1a: Rimbaud|59/100\n|\n|upkeep\n|turn|102\n|\n|t:|1782559669\n|move|p2a: Pecharunt|Shadow Ball|p1a: Rimbaud\n|-damage|p1a: Rimbaud|44/100\n|move|p1a: Rimbaud|Amnesia|p1a: Rimbaud\n|-boost|p1a: Rimbaud|spd|2\n|\n|upkeep\n|turn|103\n|\n|t:|1782559673\n|move|p2a: Pecharunt|Parting Shot|p1a: Rimbaud\n|-unboost|p1a: Rimbaud|atk|1\n|-unboost|p1a: Rimbaud|spa|1\n|\n|t:|1782559675\n|switch|p2a: Gholdengo|Gholdengo|62/100|[from] Parting Shot\n|-damage|p2a: Gholdengo|56/100|[from] Stealth Rock\n|move|p1a: Rimbaud|Recover|p1a: Rimbaud\n|-heal|p1a: Rimbaud|94/100\n|\n|upkeep\n|turn|104\n|\n|t:|1782559678\n|switch|p2a: Pecharunt|Pecharunt|78/100\n|-damage|p2a: Pecharunt|66/100|[from] Stealth Rock\n|move|p1a: Rimbaud|Bulldoze|p2a: Pecharunt\n|-supereffective|p2a: Pecharunt\n|-damage|p2a: Pecharunt|54/100\n|-unboost|p2a: Pecharunt|spe|1\n|\n|upkeep\n|turn|105\n|\n|t:|1782559681\n|switch|p1a: Whitman|Dondozo, F|100/100 slp\n|move|p2a: Pecharunt|Recover|p2a: Pecharunt\n|-heal|p2a: Pecharunt|100/100\n|\n|upkeep\n|turn|106\n|\n|t:|1782559685\n|move|p2a: Pecharunt|Shadow Ball|p1a: Whitman\n|-damage|p1a: Whitman|75/100 slp\n|cant|p1a: Whitman|slp\n|move|p1a: Whitman|Sleep Talk|p1a: Whitman\n|move|p1a: Whitman|Body Press|p2a: Pecharunt|[from] move: Sleep Talk\n|-immune|p2a: Pecharunt\n|\n|upkeep\n|turn|107\n|\n|t:|1782559688\n|move|p2a: Pecharunt|Shadow Ball|p1a: Whitman\n|-damage|p1a: Whitman|50/100 slp\n|-unboost|p1a: Whitman|spd|1\n|cant|p1a: Whitman|slp\n|move|p1a: Whitman|Sleep Talk|p1a: Whitman\n|move|p1a: Whitman|Crunch|p2a: Pecharunt|[from] move: Sleep Talk\n|-supereffective|p2a: Pecharunt\n|-damage|p2a: Pecharunt|82/100\n|\n|upkeep\n|turn|108\n|c|ŌśåI Walk a Path|can we nerf shadow ball\n|\n|t:|1782559699\n|move|p2a: Pecharunt|Shadow Ball|p1a: Whitman\n|-damage|p1a: Whitman|14/100 slp\n|-unboost|p1a: Whitman|spd|1\n|-curestatus|p1a: Whitman|slp|[msg]\n|move|p1a: Whitman|Rest|p1a: Whitman\n|-status|p1a: Whitman|slp|[from] move: Rest\n|-heal|p1a: Whitman|100/100 slp|[silent]\n|\n|upkeep\n|turn|109\n|c|Ōśåmagikarp soup|truth\n|c|Ōśåmagikarp soup|gah dam bro\n|\n|t:|1782559710\n|switch|p1a: Rimbaud|Clodsire, F, tera:Steel|94/100\n|move|p2a: Pecharunt|Parting Shot|p1a: Rimbaud\n|-unboost|p1a: Rimbaud|atk|1\n|-unboost|p1a: Rimbaud|spa|1\n|\n|t:|1782559712\n|switch|p2a: Gholdengo|Gholdengo|56/100|[from] Parting Shot\n|-damage|p2a: Gholdengo|49/100|[from] Stealth Rock\n|\n|upkeep\n|turn|110\n|\n|t:|1782559717\n|move|p2a: Gholdengo|Shadow Ball|p1a: Rimbaud\n|-crit|p1a: Rimbaud\n|-damage|p1a: Rimbaud|62/100\n|move|p1a: Rimbaud|Bulldoze|p2a: Gholdengo\n|-supereffective|p2a: Gholdengo\n|-damage|p2a: Gholdengo|33/100\n|-unboost|p2a: Gholdengo|spe|1\n|\n|upkeep\n|turn|111\n|\n|t:|1782559729\n|move|p2a: Gholdengo|Shadow Ball|p1a: Rimbaud\n|-damage|p1a: Rimbaud|40/100\n|move|p1a: Rimbaud|Recover|p1a: Rimbaud\n|-heal|p1a: Rimbaud|90/100\n|\n|upkeep\n|turn|112\n|\n|t:|1782559734\n|move|p2a: Gholdengo|Shadow Ball|p1a: Rimbaud\n|-damage|p1a: Rimbaud|67/100\n|move|p1a: Rimbaud|Amnesia|p1a: Rimbaud\n|-boost|p1a: Rimbaud|spd|2\n|\n|upkeep\n|turn|113\n|\n|t:|1782559740\n|move|p2a: Gholdengo|Shadow Ball|p1a: Rimbaud\n|-damage|p1a: Rimbaud|56/100\n|move|p1a: Rimbaud|Bulldoze|p2a: Gholdengo\n|-supereffective|p2a: Gholdengo\n|-damage|p2a: Gholdengo|17/100\n|-unboost|p2a: Gholdengo|spe|1\n|\n|upkeep\n|turn|114\n|\n|t:|1782559745\n|switch|p2a: Pecharunt|Pecharunt|82/100\n|-damage|p2a: Pecharunt|70/100|[from] Stealth Rock\n|move|p1a: Rimbaud|Bulldoze|p2a: Pecharunt\n|-supereffective|p2a: Pecharunt\n|-damage|p2a: Pecharunt|58/100\n|-unboost|p2a: Pecharunt|spe|1\n|\n|upkeep\n|turn|115\n|\n|t:|1782559750\n|move|p2a: Pecharunt|Recover|p2a: Pecharunt\n|-heal|p2a: Pecharunt|100/100\n|move|p1a: Rimbaud|Recover|p1a: Rimbaud\n|-heal|p1a: Rimbaud|100/100\n|\n|upkeep\n|turn|116\n|\n|t:|1782559752\n|switch|p1a: Whitman|Dondozo, F|100/100 slp\n|move|p2a: Pecharunt|Parting Shot|p1a: Whitman\n|-unboost|p1a: Whitman|atk|1\n|-unboost|p1a: Whitman|spa|1\n|c| Kathryne Keyron|idk,if anything i would boost the stat drop rate so people cant sit and facetank forever,everlasting games aint fun\n|\n|t:|1782559754\n|switch|p2a: Gholdengo|Gholdengo|17/100|[from] Parting Shot\n|-damage|p2a: Gholdengo|11/100|[from] Stealth Rock\n|\n|upkeep\n|turn|117\n|c|ŌśåI Walk a Path|we got mr antistall over here\n|c|Ōśåmagikarp soup|sob\n|\n|t:|1782559775\n|move|p2a: Gholdengo|Shadow Ball|p1a: Whitman\n|-damage|p1a: Whitman|66/100 slp\n|cant|p1a: Whitman|slp\n|move|p1a: Whitman|Sleep Talk|p1a: Whitman\n|move|p1a: Whitman|Body Press|p2a: Gholdengo|[from] move: Sleep Talk\n|-immune|p2a: Gholdengo\n|\n|upkeep\n|turn|118\n|\n|t:|1782559781\n|switch|p1a: Rimbaud|Clodsire, F, tera:Steel|100/100\n|move|p2a: Gholdengo|Shadow Ball|p1a: Rimbaud\n|-damage|p1a: Rimbaud|81/100\n|\n|upkeep\n|turn|119\n|c|Ōśåmagikarp soup|im only in this position bc i made mistakes\n|c|Ōśåmagikarp soup|like\n|c|Ōśåmagikarp soup|a lot of them\n|c|ŌśåI Walk a Path|mistake 1 : not knowing how broken gholdengo is\n|c|Ōśåmagikarp soup|true\n|inactive|magikarp soup has 120 seconds left.\n|c|ŌśåI Walk a Path|bro this mon 2 shots blisseys\n|c|ŌśåI Walk a Path|with metal coat\n|c|Ōśåmagikarp soup|idt i beat clod long term bc like\n|c|Ōśåmagikarp soup|!showset 2\n|c| magikarp soup|/raw <div class=\"infobox\">Gholdengo @ Custap Berry  <br />Ability: Good as Gold  <br />Tera Type: Ghost  <br />EVs: 252 HP &#x2f; 196 Def &#x2f; 60 SpA  <br />Bold Nature  <br />IVs: 0 Atk  <br />- Shadow Ball  <br />- Make It Rain  <br />- Recover  <br />- Nasty Plot  <br /><br /></div>\n|c|Ōśåmagikarp soup|no invest\n|c|ŌśåI Walk a Path|you still can\n|\n|t:|1782559830\n|move|p2a: Gholdengo|Shadow Ball|p1a: Rimbaud\n|-damage|p1a: Rimbaud|58/100\n|-unboost|p1a: Rimbaud|spd|1\n|move|p1a: Rimbaud|Bulldoze|p2a: Gholdengo\n|-supereffective|p2a: Gholdengo\n|-damage|p2a: Gholdengo|0 fnt\n|faint|p2a: Gholdengo\n|\n|upkeep\n|\n|t:|1782559832\n|switch|p2a: Pecharunt|Pecharunt|100/100\n|-damage|p2a: Pecharunt|88/100|[from] Stealth Rock\n|turn|120\n|c|Ōśåmagikarp soup|yikes\n|c|ŌśåI Walk a Path|i can recover like 20 shadow balls\n|c|Ōśåmagikarp soup|oh ic\n|c|ŌśåI Walk a Path|you have mir too\n|inactive|I Walk a Path has 120 seconds left.\n|c|Ōśåmagikarp soup|yeahh\n|\n|t:|1782559864\n|switch|p1a: Whitman|Dondozo, F|66/100 slp\n|move|p2a: Pecharunt|Shadow Ball|p1a: Whitman\n|-damage|p1a: Whitman|42/100 slp\n|\n|upkeep\n|turn|121\n|c|Ōśåmagikarp soup|i shouldve played ghold better\n|c| Kathryne Keyron|wasnt there room to squeeze some nasty plot beforehand a few dozens of turns ago?\n|c|ŌśåI Walk a Path|wait i choked\n|\n|t:|1782559883\n|move|p2a: Pecharunt|Shadow Ball|p1a: Whitman\n|-damage|p1a: Whitman|16/100 slp\n|cant|p1a: Whitman|slp\n|move|p1a: Whitman|Sleep Talk|p1a: Whitman\n|move|p1a: Whitman|Crunch|p2a: Pecharunt|[from] move: Sleep Talk\n|-supereffective|p2a: Pecharunt\n|-damage|p2a: Pecharunt|72/100\n|\n|upkeep\n|turn|122\n|c|Ōśåmagikarp soup|i think mola sack was the way no?\n|c|ŌśåI Walk a Path|ye\n|\n|t:|1782559893\n|move|p2a: Pecharunt|Shadow Ball|p1a: Whitman\n|-damage|p1a: Whitman|0 fnt\n|faint|p1a: Whitman\n|\n|upkeep\n|c|ŌśåI Walk a Path|i forgot this isnt spdef\n|c|Ōśåmagikarp soup|spdef dozo a goat\n|\n|t:|1782559909\n|switch|p1a: Rimbaud|Clodsire, F, tera:Steel|58/100\n|turn|123\n|\n|t:|1782559913\n|move|p2a: Pecharunt|Shadow Ball|p1a: Rimbaud\n|-damage|p1a: Rimbaud|44/100\n|-unboost|p1a: Rimbaud|spd|1\n|move|p1a: Rimbaud|Amnesia|p1a: Rimbaud\n|-boost|p1a: Rimbaud|spd|2\n|\n|upkeep\n|turn|124\n|inactive|magikarp soup has 120 seconds left.\n|\n|t:|1782559925\n|move|p2a: Pecharunt|Parting Shot|p1a: Rimbaud\n|-unboost|p1a: Rimbaud|atk|1\n|-unboost|p1a: Rimbaud|spa|1\n|move|p1a: Rimbaud|Amnesia|p1a: Rimbaud\n|-boost|p1a: Rimbaud|spd|2\n|\n|upkeep\n|turn|125\n|\n|t:|1782559927\n|move|p2a: Pecharunt|Shadow Ball|p1a: Rimbaud\n|-damage|p1a: Rimbaud|37/100\n|move|p1a: Rimbaud|Amnesia|p1a: Rimbaud\n|-boost|p1a: Rimbaud|spd|2\n|\n|upkeep\n|turn|126\n|\n|t:|1782559929\n|move|p2a: Pecharunt|Shadow Ball|p1a: Rimbaud\n|-damage|p1a: Rimbaud|33/100\n|move|p1a: Rimbaud|Amnesia|p1a: Rimbaud\n|-boost|p1a: Rimbaud|spd|1\n|\n|upkeep\n|turn|127\n|\n|t:|1782559932\n|move|p2a: Pecharunt|Shadow Ball|p1a: Rimbaud\n|-crit|p1a: Rimbaud\n|-damage|p1a: Rimbaud|10/100\n|move|p1a: Rimbaud|Bulldoze|p2a: Pecharunt\n|-supereffective|p2a: Pecharunt\n|-damage|p2a: Pecharunt|62/100\n|-unboost|p2a: Pecharunt|spe|1\n|\n|upkeep\n|turn|128\n|c|Ōśåmagikarp soup|mb\n|\n|t:|1782559940\n|move|p2a: Pecharunt|Shadow Ball|p1a: Rimbaud\n|-damage|p1a: Rimbaud|6/100\n|-unboost|p1a: Rimbaud|spd|1\n|move|p1a: Rimbaud|Bulldoze|p2a: Pecharunt\n|-supereffective|p2a: Pecharunt\n|-damage|p2a: Pecharunt|52/100\n|-unboost|p2a: Pecharunt|spe|1\n|\n|upkeep\n|turn|129\n|c|ŌśåI Walk a Path|its g\n|c|ŌśåI Walk a Path|i choked\n|\n|t:|1782559945\n|move|p2a: Pecharunt|Parting Shot|p1a: Rimbaud\n|-unboost|p1a: Rimbaud|atk|1\n|-unboost|p1a: Rimbaud|spa|1\n|move|p1a: Rimbaud|Amnesia|p1a: Rimbaud\n|-boost|p1a: Rimbaud|spd|1\n|\n|upkeep\n|turn|130\n|\n|t:|1782559951\n|move|p2a: Pecharunt|Recover|p2a: Pecharunt\n|-heal|p2a: Pecharunt|100/100\n|move|p1a: Rimbaud|Bulldoze|p2a: Pecharunt\n|-supereffective|p2a: Pecharunt\n|-damage|p2a: Pecharunt|93/100\n|-unboost|p2a: Pecharunt|spe|1\n|\n|upkeep\n|turn|131\n|c|Ōśåmagikarp soup|whats your 4th on clod\n|c|Ōśåmagikarp soup|if not poison sting\n|c|ŌśåI Walk a Path|toxic\n|c|Ōśåmagikarp soup|ah\n|c|Ōśåmagikarp soup|i have a friend who goes full pp clod\n|c|ŌśåI Walk a Path|lmfao\n|c|Ōśåmagikarp soup|!dt poisom sting\n'poisom sting' has no exact match. Approximate match:\n|c|Ōśåmagikarp soup|/raw <ul class=\"utilichart\"><li class=\"result\"><span class=\"col movenamecol\"><a href=\"https://dex.pokemonshowdown.com/moves/poisonsting\">Poison Sting</a></span> <span class=\"col typecol\"><img src=\"//play.pokemonshowdown.com/sprites/types/Poison.png\" alt=\"Poison\" width=\"32\" height=\"14\"><img src=\"//play.pokemonshowdown.com/sprites/categories/Physical.png\" alt=\"Physical\" width=\"32\" height=\"14\"></span> <span class=\"col labelcol\"><em>Power</em><br>15</span> <span class=\"col widelabelcol\"><em>Accuracy</em><br>100%</span> <span class=\"col pplabelcol\"><em>PP</em><br>56</span> <span class=\"col movedesccol\">30% chance to poison the target.</span> </li><li style=\"clear:both\"></li></ul>\n|c|Ōśåmagikarp soup|/raw <font size=\"1\"><font color=\"#686868\">Priority:</font> 0&nbsp;|&ThickSpace;<font color=\"#686868\">Gen:</font> 1&nbsp;|&ThickSpace;&#10003; Boosted by Sheer Force&nbsp;|&ThickSpace;<font color=\"#686868\">Z-Power:</font> 100&nbsp;|&ThickSpace;<font color=\"#686868\">Target:</font> One Adjacent Pok├®mon</font>\n\n|inactive|magikarp soup has 120 seconds left.\n|c|Ōśåmagikarp soup|this bulldoze amnesia recover\n|c|Ōśåmagikarp soup|guy is a demon\n|\n|t:|1782559989\n|move|p2a: Pecharunt|Shadow Ball|p1a: Rimbaud\n|-damage|p1a: Rimbaud|3/100\n|move|p1a: Rimbaud|Amnesia|p1a: Rimbaud\n|-boost|p1a: Rimbaud|spd|0\n|\n|upkeep\n|turn|132\n|c|ŌśåI Walk a Path|they run this on pex too no?\n|\n|t:|1782559996\n|move|p2a: Pecharunt|Shadow Ball|p1a: Rimbaud\n|-damage|p1a: Rimbaud|0 fnt\n|faint|p1a: Rimbaud\n|\n|upkeep\n|\n|t:|1782559997\n|switch|p1a: Tagore|Alomomola, L99, F, shiny|41/100\n|-damage|p1a: Tagore|28/100|[from] Stealth Rock\n|-damage|p1a: Tagore|16/100|[from] Spikes\n|turn|133\n|c|Ōśåmagikarp soup|no idea\n|c|Ōśåmagikarp soup|i have a stall in my builder with\n|inactive|magikarp soup has 120 seconds left.\n|c| Kathryne Keyron|the fact it came to a few shadow ball pp is crazy\n|c|Ōśåmagikarp soup|adamant mola\n|c|Ōśåmagikarp soup|lmfai\n|c|Ōśåmagikarp soup|itemless ada\n|c|ŌśåI Walk a Path|acrobat mola\n|c|Ōśåmagikarp soup|ohkoes woger\n|c|Ōśåmagikarp soup|yeah\n|c|ŌśåI Walk a Path|to ko woger\n|c|Ōśåmagikarp soup|after tera&\n|c|ŌśåI Walk a Path|woger is so cringe bro\n|\n|t:|1782560029\n|move|p1a: Tagore|Wish|p1a: Tagore\n|move|p2a: Pecharunt|Toxic|p1a: Tagore\n|-status|p1a: Tagore|tox\n|-start|p1a: Tagore|confusion|[from] ability: Poison Puppeteer|[of] p2a: Pecharunt\n|\n|-damage|p1a: Tagore|10/100 tox|[from] psn\n|upkeep\n|turn|134\n|\n|t:|1782560033\n|move|p2a: Pecharunt|Shadow Ball|p1a: Tagore\n|-damage|p1a: Tagore|0 fnt\n|faint|p1a: Tagore\n|\n|win|magikarp soup\n|raw|I Walk a Path's rating: 1707 &rarr; <strong>1689</strong><br />(-18 for losing)\n|raw|magikarp soup's rating: 1748 &rarr; <strong>1766</strong><br />(+18 for winning)\n|c|ŌśåI Walk a Path|gg\n|c|Ōśåmagikarp soup|it is\n|c|Ōśåmagikarp soup|ggwp\n|c|ŌśåI Walk a Path|lijke breaks\n|c|ŌśåI Walk a Path|everything\n|c|ŌśåI Walk a Path|no defensive answer in the tier\n|c|ŌśåI Walk a Path|same with kyurem\n|c|ŌśåI Walk a Path|wait\n|c|ŌśåI Walk a Path|i have a kyurem vs stall replay\n|c|ŌśåI Walk a Path|its very funny\n|c|Ōśåmagikarp soup|lmao send it\n|c|Ōśåmagikarp soup|listen im sorry in advance but\n|c|ŌśåI Walk a Path|its fine\n|c|Ōśåmagikarp soup|i play zard sun very often\n|c|Ōśåmagikarp soup|lmfao\n|c|ŌśåI Walk a Path|lmao\n|c|Ōśåmagikarp soup|shit ohkoes water scor\n|c|Ōśåmagikarp soup|with overheat\n|c|Ōśåmagikarp soup|and if they water bliss then venu wins\n|c|Ōśåmagikarp soup|cracked ass mon\n|c|ŌśåI Walk a Path|https://replay.pokemonshowdown.com/gen9ou-2633284193-gipmebsfqt8b6e93qdac76m1y759kwppw\n|c|ŌśåI Walk a Path|entirety of gen 9 ou is just\n|c|ŌśåI Walk a Path|who kills who faster\n|c|ŌśåI Walk a Path|i outplayed this dude so hard bro\n|c|ŌśåI Walk a Path|in the replay\n|c|Ōśåmagikarp soup|lmfao\n|c|ŌśåI Walk a Path|deserved win for sure\n|c|Ōśåmagikarp soup|fs chief\n|c|ŌśåI Walk a Path|ngl do you have any usable balance teams\n|c|Ōśåmagikarp soup|uuuh\n|c|ŌśåI Walk a Path|the archetype is dead as it stands\n|c|Ōśåmagikarp soup|i have one\n|c|Ōśåmagikarp soup|pretty good lemme grab it\n|c|ŌśåI Walk a Path|theres like 2 usable teams rn\n|c|Ōśåmagikarp soup|scarf val band hoopa if thats fine\n|c|ŌśåI Walk a Path|its g\n|c|ŌśåI Walk a Path|both teams get 6-0d by ceru\n", "uploadtime": 1782560042, "views": 10, "formatid": "gen9ou", "rating": 1689, "private": 0, "password": null}