{"id": "gen9ou-2540675995", "format": "[Gen 9] OU", "players": ["bobbyfelipe", "3idk"], "log": "|j|☆bobbyfelipe\n|j|☆3idk\n|t:|1771238486\n|gametype|singles\n|player|p1|bobbyfelipe|chase|1756\n|player|p2|3idk|cynthia-masters|1737\n|gen|9\n|tier|[Gen 9] OU\n|rated|\n|rule|HP Percentage Mod: HP is shown in percentages\n|rule|Endless Battle Clause: Forcing endless battles is banned\n|rule|Species Clause: Limit one of each Pokémon\n|rule|OHKO Clause: OHKO moves are banned\n|rule|Evasion Items Clause: Evasion items are banned\n|rule|Evasion Moves Clause: Evasion moves are banned\n|rule|Evasion Abilities Clause: Evasion abilities are banned\n|rule|Sleep Moves Clause: Sleep-inducing moves are banned\n|clearpoke\n|poke|p1|Cinderace, F|\n|poke|p1|Landorus-Therian, M|\n|poke|p1|Hatterene, F|\n|poke|p1|Darkrai|\n|poke|p1|Kyurem|\n|poke|p1|Iron Valiant|\n|poke|p2|Pelipper, F|\n|poke|p2|Hatterene, F|\n|poke|p2|Iron Treads|\n|poke|p2|Toxicroak, F|\n|poke|p2|Barraskewda, F|\n|poke|p2|Zapdos|\n|teampreview\n|inactive|Battle timer is ON: inactive players will automatically lose when time's up. (requested by 3idk)\n|inactive|bobbyfelipe also wants the timer to be on.\n|j| gamermoment67\n|inactive|3idk has 120 seconds left.\n|\n|t:|1771238521\n|teamsize|p1|6\n|teamsize|p2|6\n|start\n|switch|p1a: Darkrai|Darkrai|100/100\n|switch|p2a: Pelipper|Pelipper, F|100/100\n|-weather|RainDance|[from] ability: Drizzle|[of] p2a: Pelipper\n|turn|1\n|\n|t:|1771238530\n|switch|p2a: Toxicroak|Toxicroak, F|100/100\n|move|p1a: Darkrai|Dark Pulse|p2a: Toxicroak\n|-resisted|p2a: Toxicroak\n|-damage|p2a: Toxicroak|73/100\n|\n|-weather|RainDance|[upkeep]\n|-heal|p2a: Toxicroak|85/100|[from] ability: Dry Skin\n|upkeep\n|turn|2\n|\n|t:|1771238536\n|switch|p1a: Landorus|Landorus-Therian, M|100/100\n|-ability|p1a: Landorus|Intimidate|boost\n|-unboost|p2a: Toxicroak|atk|1\n|move|p2a: Toxicroak|Knock Off|p1a: Landorus\n|-damage|p1a: Landorus|85/100\n|-damage|p2a: Toxicroak|69/100|[from] item: Rocky Helmet|[of] p1a: Landorus\n|-enditem|p1a: Landorus|Rocky Helmet|[from] move: Knock Off|[of] p2a: Toxicroak\n|\n|-weather|RainDance|[upkeep]\n|-heal|p2a: Toxicroak|81/100|[from] ability: Dry Skin\n|upkeep\n|turn|3\n|\n|t:|1771238544\n|switch|p2a: Hatterene|Hatterene, F|100/100\n|move|p1a: Landorus|U-turn|p2a: Hatterene\n|-damage|p2a: Hatterene|82/100\n|-enditem|p2a: Hatterene|Eject Button\n|\n|t:|1771238550\n|switch|p2a: Barraskewda|Barraskewda, F|100/100\n|\n|-weather|RainDance|[upkeep]\n|upkeep\n|turn|4\n|\n|t:|1771238558\n|move|p2a: Barraskewda|Flip Turn|p1a: Landorus\n|-supereffective|p1a: Landorus\n|-damage|p1a: Landorus|0 fnt\n|faint|p1a: Landorus\n|\n|t:|1771238565\n|switch|p2a: Iron Treads|Iron Treads|100/100|[from] Flip Turn\n|\n|-weather|RainDance|[upkeep]\n|upkeep\n|\n|t:|1771238569\n|switch|p1a: Cinderace|Cinderace, F|100/100\n|turn|5\n|\n|t:|1771238574\n|-end|p2a: Iron Treads|Quark Drive|[silent]\n|switch|p2a: Hatterene|Hatterene, F|82/100\n|move|p1a: Cinderace|Swords Dance|p1a: Cinderace\n|-boost|p1a: Cinderace|atk|2\n|\n|-weather|RainDance|[upkeep]\n|upkeep\n|turn|6\n|\n|t:|1771238580\n|move|p1a: Cinderace|Pyro Ball|p2a: Hatterene\n|-damage|p2a: Hatterene|34/100\n|move|p2a: Hatterene|Psychic Noise|p1a: Cinderace\n|-damage|p1a: Cinderace|49/100\n|-start|p1a: Cinderace|move: Heal Block\n|\n|-weather|RainDance|[upkeep]\n|upkeep\n|turn|7\n|l|☆3idk\n|inactive|3idk disconnected and has a minute to reconnect!\n|player|p2|\n|inactive|3idk has 30 seconds to reconnect!\n|inactive|3idk has 20 seconds to reconnect!\n|inactive|3idk has 15 seconds to reconnect!\n|inactive|3idk has 10 seconds to reconnect!\n|inactive|3idk has 5 seconds to reconnect!\n|-message|3idk lost due to inactivity.\n|\n|win|bobbyfelipe\n|raw|bobbyfelipe's rating: 1756 &rarr; <strong>1775</strong><br />(+19 for winning)\n|raw|3idk's rating: 1737 &rarr; <strong>1718</strong><br />(-19 for losing)\n|l|☆bobbyfelipe\n|player|p1|\n", "uploadtime": 1771238810, "views": 9, "formatid": "gen9ou", "rating": 1718, "private": 0, "password": null}