{"id": "gen9ou-2640030352", "format": "[Gen 9] OU", "players": ["Hoennonlyedgy", "Pinkacross"], "log": "|badge|p2|silver|gen9ou|30-9\n|html|<div class=\"broadcast-red\"><strong>This battle is required to be public due to one or more player having a season medal.</strong><br />During the public phase, you can discuss the state of the ladder <a href=\"/seasondiscussion\">in a special chatroom.</a></div>\n|uhtml|medal-msg|<div class=\"broadcast-blue\">Curious what those medals under the avatar are? PS now has Ladder Seasons! For more information, check out the <a href=\"https://www.smogon.com/forums/threads/3740067/\">thread on Smogon.</a></div>\n|raw|<div class=\"broadcast-blue\"><strong>This battle is required to be public due to a player having a name starting with 'medal'.</div>\n|j|☆Hoennonlyedgy\n|j|☆Pinkacross\n|t:|1782566731\n|gametype|singles\n|player|p1|Hoennonlyedgy|youngster-gen4dp|1624\n|player|p2|Pinkacross|artist|1848\n|gen|9\n|tier|[Gen 9] OU\n|rated|\n|rule|HP Percentage Mod: HP is shown in percentages\n|rule|Endless Battle Clause: Forcing endless battles is banned\n|rule|Species Clause: Limit one of each Pokémon\n|rule|OHKO Clause: OHKO moves are banned\n|rule|Evasion Items Clause: Evasion items are banned\n|rule|Evasion Moves Clause: Evasion moves are banned\n|rule|Evasion Abilities Clause: Evasion abilities are banned\n|rule|Sleep Moves Clause: Sleep-inducing moves are banned\n|clearpoke\n|poke|p1|Salamence, F|\n|poke|p1|Blaziken, F|\n|poke|p1|Yanmega, F|\n|poke|p1|Clefable, M|\n|poke|p1|Iron Moth|\n|poke|p1|Kommo-o, F|\n|poke|p2|Rillaboom, M|\n|poke|p2|Dondozo, F|\n|poke|p2|Clodsire, F|\n|poke|p2|Blissey, F|\n|poke|p2|Gholdengo|\n|poke|p2|Cinderace, F|\n|teampreview\n|c|☆Pinkacross|hf\n|\n|t:|1782566743\n|teamsize|p1|6\n|teamsize|p2|6\n|start\n|switch|p1a: Blaziken|Blaziken, F|100/100\n|switch|p2a: Rillaboom|Rillaboom, M|100/100\n|-fieldstart|move: Grassy Terrain|[from] ability: Grassy Surge|[of] p2a: Rillaboom\n|turn|1\n|inactive|Battle timer is ON: inactive players will automatically lose when time's up. (requested by Hoennonlyedgy)\n|\n|t:|1782566757\n|switch|p2a: Dondozo|Dondozo, F|100/100\n|move|p1a: Blaziken|Flare Blitz|p2a: Dondozo\n|-resisted|p2a: Dondozo\n|-damage|p2a: Dondozo|74/100\n|-damage|p1a: Blaziken|86/100|[from] Recoil\n|-damage|p1a: Blaziken|76/100|[from] item: Life Orb\n|\n|-heal|p1a: Blaziken|82/100|[from] Grassy Terrain\n|-heal|p2a: Dondozo|80/100|[from] Grassy Terrain\n|-heal|p2a: Dondozo|86/100|[from] item: Leftovers\n|-ability|p1a: Blaziken|Speed Boost|boost\n|-boost|p1a: Blaziken|spe|1\n|upkeep\n|turn|2\n|\n|t:|1782566760\n|move|p2a: Dondozo|Protect|p2a: Dondozo\n|-singleturn|p2a: Dondozo|Protect\n|move|p1a: Blaziken|Close Combat|p2a: Dondozo\n|-activate|p2a: Dondozo|move: Protect\n|\n|-heal|p1a: Blaziken|88/100|[from] Grassy Terrain\n|-heal|p2a: Dondozo|93/100|[from] Grassy Terrain\n|-heal|p2a: Dondozo|99/100|[from] item: Leftovers\n|-ability|p1a: Blaziken|Speed Boost|boost\n|-boost|p1a: Blaziken|spe|1\n|upkeep\n|turn|3\n|\n|t:|1782566766\n|switch|p1a: Yanmega|Yanmega, F|100/100\n|move|p2a: Dondozo|Curse|p2a: Dondozo\n|-unboost|p2a: Dondozo|spe|1\n|-boost|p2a: Dondozo|atk|1\n|-boost|p2a: Dondozo|def|1\n|\n|-heal|p2a: Dondozo|100/100|[from] Grassy Terrain\n|upkeep\n|turn|4\n|\n|t:|1782566768\n|move|p1a: Yanmega|Bug Buzz|p2a: Dondozo\n|-damage|p2a: Dondozo|70/100\n|-enditem|p1a: Yanmega|Throat Spray\n|-boost|p1a: Yanmega|spa|1|[from] item: Throat Spray\n|move|p2a: Dondozo|Avalanche|p1a: Yanmega\n|-supereffective|p1a: Yanmega\n|-damage|p1a: Yanmega|0 fnt\n|faint|p1a: Yanmega\n|\n|-heal|p2a: Dondozo|76/100|[from] Grassy Terrain\n|-heal|p2a: Dondozo|82/100|[from] item: Leftovers\n|upkeep\n|inactive|Hoennonlyedgy has 120 seconds left.\n|inactive|Hoennonlyedgy has 90 seconds left.\n|j| sugma oiii\n|-message|Hoennonlyedgy forfeited.\n|\n|win|Pinkacross\n|raw|Hoennonlyedgy's rating: 1624 &rarr; <strong>1615</strong><br />(-9 for losing)\n|raw|Pinkacross's rating: 1848 &rarr; <strong>1857</strong><br />(+9 for winning)\n|l|☆Hoennonlyedgy\n|player|p1|\n|c|☆Pinkacross|gg\n|l|☆Pinkacross\n|player|p2|\n|l| sugma oiii\n", "uploadtime": 1782567032, "views": 8, "formatid": "gen9ou", "rating": 1615, "private": 0, "password": null}