{"id": "gen9doublesou-2540540254", "format": "[Gen 9] Doubles OU", "players": ["Viperino1997", "nahte"], "log": "|j|☆Viperino1997\n|j|☆nahte\n|t:|1771215122\n|gametype|doubles\n|player|p1|Viperino1997|265|1693\n|player|p2|nahte|steven|1631\n|gen|9\n|tier|[Gen 9] Doubles OU\n|rated|\n|rule|HP Percentage Mod: HP is shown in percentages\n|rule|Endless Battle Clause: Forcing endless battles is banned\n|rule|Species Clause: Limit one of each Pokémon\n|rule|OHKO Clause: OHKO moves are banned\n|rule|Evasion Moves Clause: Evasion moves are banned\n|rule|Gravity Sleep Clause: The combination of sleep-inducing moves with imperfect accuracy and Gravity or Gigantamax Orbeetle are banned\n|rule|Evasion Abilities Clause: Evasion abilities are banned\n|clearpoke\n|poke|p1|Moltres-Galar|\n|poke|p1|Sinistcha|\n|poke|p1|Ursaluna-Bloodmoon, M|\n|poke|p1|Incineroar, F|\n|poke|p1|Roaring Moon|\n|poke|p1|Gholdengo|\n|poke|p2|Ribombee, F|\n|poke|p2|Iron Hands|\n|poke|p2|Sylveon, M|\n|poke|p2|Hoopa-Unbound|\n|poke|p2|Indeedee-F, F|\n|poke|p2|Moltres-Galar|\n|teampreview\n|inactive|Battle timer is ON: inactive players will automatically lose when time's up. (requested by nahte)\n|c|☆nahte|good luck\n|inactive|Viperino1997 has 120 seconds left.\n|\n|t:|1771215157\n|teamsize|p1|6\n|teamsize|p2|6\n|start\n|switch|p1a: Moltres|Moltres-Galar|100/100\n|switch|p1b: Incineroar|Incineroar, F|100/100\n|switch|p2a: Sylveon|Sylveon, M|100/100\n|switch|p2b: Indeedee|Indeedee-F, F|100/100\n|-ability|p1b: Incineroar|Intimidate|boost\n|-unboost|p2a: Sylveon|atk|1\n|-unboost|p2b: Indeedee|atk|1\n|-fieldstart|move: Psychic Terrain|[from] ability: Psychic Surge|[of] p2b: Indeedee\n|turn|1\n|inactive|Viperino1997 has 120 seconds left.\n|\n|t:|1771215194\n|switch|p1a: Gholdengo|Gholdengo|100/100\n|move|p1b: Incineroar|Flare Blitz|p2a: Sylveon\n|-damage|p2a: Sylveon|47/100\n|-damage|p1b: Incineroar|83/100|[from] Recoil\n|move|p2a: Sylveon|Hyper Voice|p1b: Incineroar|[spread] p1a,p1b\n|-resisted|p1a: Gholdengo\n|-damage|p1a: Gholdengo|77/100\n|-damage|p1b: Incineroar|49/100\n|-enditem|p2a: Sylveon|Throat Spray\n|-boost|p2a: Sylveon|spa|1|[from] item: Throat Spray\n|move|p2b: Indeedee|Trick Room|p2b: Indeedee\n|-fieldstart|move: Trick Room|[of] p2b: Indeedee\n|\n|upkeep\n|turn|2\n|inactive|Viperino1997 has 120 seconds left.\n|\n|t:|1771215215\n|move|p2b: Indeedee|Follow Me|p2b: Indeedee\n|-singleturn|p2b: Indeedee|move: Follow Me\n|move|p2a: Sylveon|Shadow Ball|p1a: Gholdengo\n|-supereffective|p1a: Gholdengo\n|-damage|p1a: Gholdengo|0 fnt\n|faint|p1a: Gholdengo\n|move|p1b: Incineroar|Parting Shot|p2b: Indeedee\n|-unboost|p2b: Indeedee|atk|1\n|-unboost|p2b: Indeedee|spa|1\n|inactive|Viperino1997 has 120 seconds left.\n|\n|t:|1771215227\n|switch|p1b: Ursaluna|Ursaluna-Bloodmoon, M|100/100|[from] Parting Shot\n|\n|upkeep\n|\n|t:|1771215250\n|switch|p1a: Sinistcha|Sinistcha|100/100\n|turn|3\n|inactive|Viperino1997 has 120 seconds left.\n|\n|t:|1771215270\n|-terastallize|p2a: Sylveon|Steel\n|-terastallize|p1b: Ursaluna|Normal\n|move|p2a: Sylveon|Hyper Voice|p1b: Ursaluna|[spread] p1a,p1b\n|-damage|p1a: Sinistcha|44/100\n|-damage|p1b: Ursaluna|53/100\n|-enditem|p1a: Sinistcha|Sitrus Berry|[eat]\n|-heal|p1a: Sinistcha|69/100|[from] item: Sitrus Berry\n|move|p2b: Indeedee|Imprison|p2b: Indeedee\n|-start|p2b: Indeedee|move: Imprison\n|move|p1a: Sinistcha|Matcha Gotcha|p2b: Indeedee|[spread] p2b\n|-miss|p1a: Sinistcha|p2a: Sylveon\n|-damage|p2b: Indeedee|76/100\n|-heal|p1a: Sinistcha|81/100|[from] drain|[of] p2b: Indeedee\n|move|p1b: Ursaluna|Hyper Voice|p2a: Sylveon|[spread] p2a,p2b\n|-resisted|p2a: Sylveon\n|-damage|p2a: Sylveon|28/100\n|-damage|p2b: Indeedee|23/100\n|\n|upkeep\n|turn|4\n|inactive|Viperino1997 has 120 seconds left.\n|\n|t:|1771215305\n|switch|p1a: Incineroar|Incineroar, F|49/100\n|-ability|p1a: Incineroar|Intimidate|boost\n|-unboost|p2a: Sylveon|atk|1\n|-unboost|p2b: Indeedee|atk|1\n|move|p2b: Indeedee|Helping Hand|p2a: Sylveon\n|-singleturn|p2a: Sylveon|Helping Hand|[of] p2b: Indeedee\n|move|p2a: Sylveon|Hyper Voice|p1b: Ursaluna|[spread] p1a,p1b\n|-damage|p1a: Incineroar|0 fnt\n|-damage|p1b: Ursaluna|0 fnt\n|faint|p1a: Incineroar\n|faint|p1b: Ursaluna\n|\n|upkeep\n|inactive|Viperino1997 has 90 seconds left.\n|-message|Viperino1997 forfeited.\n|\n|win|nahte\n|raw|Viperino1997's rating: 1693 &rarr; <strong>1669</strong><br />(-24 for losing)\n|raw|nahte's rating: 1631 &rarr; <strong>1655</strong><br />(+24 for winning)\n|l|☆Viperino1997\n|player|p1|\n|c|☆nahte|gg\n|l|☆nahte\n|player|p2|\n", "uploadtime": 1771215508, "views": 15, "formatid": "gen9doublesou", "rating": 1655, "private": 0, "password": null}