{"id": "gen9doublesou-2540645520", "format": "[Gen 9] Doubles OU", "players": ["Randaz", "FENIZ12a"], "log": "|j|☆Randaz\n|j|☆FENIZ12a\n|t:|1771233317\n|gametype|doubles\n|player|p1|Randaz|giovanni|1562\n|player|p2|FENIZ12a|102|1537\n|gen|9\n|tier|[Gen 9] Doubles OU\n|rated|\n|rule|HP Percentage Mod: HP is shown in percentages\n|rule|Endless Battle Clause: Forcing endless battles is banned\n|rule|Species Clause: Limit one of each Pokémon\n|rule|OHKO Clause: OHKO moves are banned\n|rule|Evasion Moves Clause: Evasion moves are banned\n|rule|Gravity Sleep Clause: The combination of sleep-inducing moves with imperfect accuracy and Gravity or Gigantamax Orbeetle are banned\n|rule|Evasion Abilities Clause: Evasion abilities are banned\n|clearpoke\n|poke|p1|Sableye, M|\n|poke|p1|Rillaboom, F|\n|poke|p1|Garganacl, F|\n|poke|p1|Glimmora, F|\n|poke|p1|Dragonite, F|\n|poke|p1|Kingambit, M|\n|poke|p2|Torkoal, M|\n|poke|p2|Hatterene, F|\n|poke|p2|Weezing-Galar, M|\n|poke|p2|Regigigas|\n|poke|p2|Incineroar, M|\n|poke|p2|Moltres-Galar|\n|teampreview\n|inactive|Battle timer is ON: inactive players will automatically lose when time's up. (requested by FENIZ12a)\n|\n|t:|1771233325\n|teamsize|p1|6\n|teamsize|p2|6\n|start\n|switch|p1a: Caillou|Glimmora, F|100/100\n|switch|p1b: Ozaï|Kingambit, M|100/100\n|switch|p2a: Weezing|Weezing-Galar, M|100/100\n|switch|p2b: Regigigas|Regigigas|100/100\n|-ability|p2a: Weezing|Neutralizing Gas\n|turn|1\n|j| 0944chy\n|\n|t:|1771233337\n|move|p2a: Weezing|Protect|p2a: Weezing\n|-singleturn|p2a: Weezing|Protect\n|move|p2b: Regigigas|Earthquake|p1b: Ozaï|[spread] p1a,p1b\n|-activate|p2a: Weezing|move: Protect\n|-supereffective|p1a: Caillou\n|-supereffective|p1b: Ozaï\n|-enditem|p1a: Caillou|Focus Sash\n|-damage|p1a: Caillou|1/100\n|-damage|p1b: Ozaï|39/100\n|-damage|p2b: Regigigas|91/100|[from] item: Life Orb\n|move|p1a: Caillou|Stealth Rock|p2b: Regigigas\n|-sidestart|p2: FENIZ12a|move: Stealth Rock\n|move|p1b: Ozaï|Iron Head|p2a: Weezing\n|-activate|p2a: Weezing|move: Protect\n|\n|upkeep\n|turn|2\n|\n|t:|1771233361\n|-end|p1b: Ozaï|fallenundefined|[silent]\n|switch|p1b: Fairy Beater|Dragonite, F|100/100\n|move|p2b: Regigigas|Earthquake|p1a: Caillou|[spread] p2a,p1a\n|-immune|p1b: Fairy Beater\n|-supereffective|p2a: Weezing\n|-supereffective|p1a: Caillou\n|-damage|p2a: Weezing|47/100\n|-damage|p1a: Caillou|0 fnt\n|faint|p1a: Caillou\n|-damage|p2b: Regigigas|81/100|[from] item: Life Orb\n|move|p2a: Weezing|Toxic Spikes|p1b: Fairy Beater\n|-sidestart|p1: Randaz|move: Toxic Spikes\n|\n|-heal|p2a: Weezing|53/100|[from] item: Leftovers\n|upkeep\n|\n|t:|1771233371\n|switch|p1a: The Wall|Garganacl, F|100/100\n|-status|p1a: The Wall|psn\n|turn|3\n|\n|t:|1771233381\n|-terastallize|p1a: The Wall|Ghost\n|move|p2a: Weezing|Protect|p2a: Weezing\n|-singleturn|p2a: Weezing|Protect\n|move|p2b: Regigigas|Ice Punch|p1b: Fairy Beater\n|-supereffective|p1b: Fairy Beater\n|-damage|p1b: Fairy Beater|0 fnt\n|faint|p1b: Fairy Beater\n|-damage|p2b: Regigigas|71/100|[from] item: Life Orb\n|move|p1a: The Wall|Iron Defense|p1a: The Wall\n|-boost|p1a: The Wall|def|2\n|\n|-heal|p2a: Weezing|59/100|[from] item: Leftovers\n|-damage|p1a: The Wall|88/100 psn|[from] psn\n|upkeep\n|inactive|Randaz has 120 seconds left.\n|inactive|Randaz has 90 seconds left.\n|inactive|Randaz has 60 seconds left.\n|inactive|Randaz has 30 seconds left.\n|l| 0944chy\n|inactive|Randaz has 20 seconds left.\n|inactive|Randaz has 15 seconds left.\n|inactive|Randaz has 10 seconds left.\n|inactive|Randaz has 5 seconds left.\n|-message|Randaz lost due to inactivity.\n|\n|win|FENIZ12a\n|raw|Randaz's rating: 1562 &rarr; <strong>1541</strong><br />(-21 for losing)\n|raw|FENIZ12a's rating: 1537 &rarr; <strong>1558</strong><br />(+21 for winning)\n|l|☆FENIZ12a\n|player|p2|\n", "uploadtime": 1771233909, "views": 18, "formatid": "gen9doublesou", "rating": 1541, "private": 0, "password": null}