{"id": "gen9doublesou-2540842742", "format": "[Gen 9] Doubles OU", "players": ["IвқӨпёҸеЁңзҰ„forever", "qwqwwqqwwq"], "log": "|j|вҳҶIвқӨпёҸеЁңзҰ„forever\n|j|вҳҶqwqwwqqwwq\n|t:|1771259708\n|gametype|doubles\n|player|p1|IвқӨпёҸеЁңзҰ„forever|youngcouple-gen4dp|1565\n|player|p2|qwqwwqqwwq|hiker-gen4|1561\n|gen|9\n|tier|[Gen 9] Doubles OU\n|rated|\n|rule|HP Percentage Mod: HP is shown in percentages\n|rule|Endless Battle Clause: Forcing endless battles is banned\n|rule|Species Clause: Limit one of each PokГ©mon\n|rule|OHKO Clause: OHKO moves are banned\n|rule|Evasion Moves Clause: Evasion moves are banned\n|rule|Gravity Sleep Clause: The combination of sleep-inducing moves with imperfect accuracy and Gravity or Gigantamax Orbeetle are banned\n|rule|Evasion Abilities Clause: Evasion abilities are banned\n|clearpoke\n|poke|p1|Pincurchin, M|\n|poke|p1|Iron Hands|\n|poke|p1|Iron Boulder|\n|poke|p1|Weezing, M|\n|poke|p1|Iron Jugulis|\n|poke|p1|Iron Moth|\n|poke|p2|Scizor, F|\n|poke|p2|Dragonite, M|\n|poke|p2|Tornadus, M|\n|poke|p2|Chandelure, F|\n|poke|p2|Golem, F|\n|poke|p2|Articuno-Galar|\n|teampreview\n|\n|t:|1771259732\n|teamsize|p1|6\n|teamsize|p2|6\n|start\n|switch|p1a: Weezing|Weezing, M|100/100\n|switch|p1b: Iron Hands|Iron Hands|100/100\n|switch|p2a: Dragonite|Dragonite, M|100/100\n|switch|p2b: Tornadus|Tornadus, M|100/100\n|-ability|p1a: Weezing|Neutralizing Gas\n|turn|1\n|\n|t:|1771259761\n|-terastallize|p2a: Dragonite|Ground\n|move|p1b: Iron Hands|Fake Out|p2a: Dragonite\n|-damage|p2a: Dragonite|89/100\n|move|p2b: Tornadus|Tailwind|p2b: Tornadus\n|-sidestart|p2: qwqwwqqwwq|move: Tailwind\n|cant|p2a: Dragonite|flinch\n|move|p1a: Weezing|Substitute|p1a: Weezing\n|-start|p1a: Weezing|Substitute\n|-damage|p1a: Weezing|75/100\n|\n|-heal|p1a: Weezing|82/100|[from] item: Leftovers\n|upkeep\n|turn|2\n|\n|t:|1771259783\n|-end|p1b: Iron Hands|Quark Drive|[silent]\n|switch|p1b: Iron Jugulis|Iron Jugulis|100/100\n|move|p2b: Tornadus|Bleakwind Storm|p1b: Iron Jugulis|[spread] p1a,p1b\n|-end|p1a: Weezing|Substitute\n|-damage|p1b: Iron Jugulis|62/100\n|-unboost|p1b: Iron Jugulis|spe|1\n|move|p2a: Dragonite|Earthquake|p1b: Iron Jugulis|[spread] p1a\n|-immune|p2b: Tornadus\n|-immune|p1b: Iron Jugulis\n|-supereffective|p1a: Weezing\n|-crit|p1a: Weezing\n|-damage|p1a: Weezing|0 fnt\n|faint|p1a: Weezing\n|-end|p1a: Weezing|ability: Neutralizing Gas\n|\n|upkeep\n|\n|t:|1771259798\n|switch|p1a: Pincurchin|Pincurchin, M|100/100\n|-fieldstart|move: Electric Terrain|[from] ability: Electric Surge|[of] p1a: Pincurchin\n|-activate|p1b: Iron Jugulis|ability: Quark Drive\n|-start|p1b: Iron Jugulis|quarkdrivespa\n|turn|3\n|\n|t:|1771259808\n|move|p2a: Dragonite|Extreme Speed|p1b: Iron Jugulis\n|-damage|p1b: Iron Jugulis|32/100\n|move|p1a: Pincurchin|Sucker Punch||[still]\n|-fail|p1a: Pincurchin\n|move|p2b: Tornadus|Bleakwind Storm|p1a: Pincurchin|[spread] p1a,p1b\n|-resisted|p1a: Pincurchin\n|-damage|p1a: Pincurchin|76/100\n|-damage|p1b: Iron Jugulis|0 fnt\n|-unboost|p1a: Pincurchin|spe|1\n|faint|p1b: Iron Jugulis\n|-end|p1b: Iron Jugulis|Quark Drive|[silent]\n|-enditem|p1a: Pincurchin|Eject Button\n|\n|t:|1771259819\n|switch|p1a: Iron Hands|Iron Hands|100/100\n|-activate|p1a: Iron Hands|ability: Quark Drive\n|-start|p1a: Iron Hands|quarkdriveatk\n|\n|upkeep\n|\n|t:|1771259823\n|switch|p1b: Iron Boulder|Iron Boulder|100/100\n|-activate|p1b: Iron Boulder|ability: Quark Drive\n|-start|p1b: Iron Boulder|quarkdrivespe\n|turn|4\n|\n|t:|1771259831\n|move|p2b: Tornadus|Protect|p2b: Tornadus\n|-singleturn|p2b: Tornadus|Protect\n|move|p1a: Iron Hands|Fake Out|p2a: Dragonite\n|-damage|p2a: Dragonite|71/100\n|move|p1b: Iron Boulder|Mighty Cleave|p2b: Tornadus\n|-supereffective|p2b: Tornadus\n|-enditem|p2b: Tornadus|Focus Sash\n|-damage|p2b: Tornadus|1/100\n|move|p2a: Dragonite|Earthquake|p1b: Iron Boulder|[spread] p1a,p1b\n|-activate|p2b: Tornadus|move: Protect\n|-supereffective|p1a: Iron Hands\n|-supereffective|p1b: Iron Boulder\n|-damage|p1a: Iron Hands|47/100\n|-damage|p1b: Iron Boulder|0 fnt\n|faint|p1b: Iron Boulder\n|-end|p1b: Iron Boulder|Quark Drive|[silent]\n|\n|-sideend|p2: qwqwwqqwwq|move: Tailwind\n|upkeep\n|\n|t:|1771259853\n|switch|p1b: Iron Moth|Iron Moth|100/100\n|-enditem|p1b: Iron Moth|Electric Seed\n|-boost|p1b: Iron Moth|def|1|[from] item: Electric Seed\n|-activate|p1b: Iron Moth|ability: Quark Drive\n|-start|p1b: Iron Moth|quarkdrivespa\n|turn|5\n|\n|t:|1771259862\n|move|p1b: Iron Moth|Protect|p1b: Iron Moth\n|-singleturn|p1b: Iron Moth|Protect\n|move|p2b: Tornadus|Tailwind|p2b: Tornadus\n|-sidestart|p2: qwqwwqqwwq|move: Tailwind\n|move|p2a: Dragonite|Earthquake|p1a: Iron Hands|[spread] p1a\n|-activate|p1b: Iron Moth|move: Protect\n|-immune|p2b: Tornadus\n|-supereffective|p1a: Iron Hands\n|-damage|p1a: Iron Hands|0 fnt\n|faint|p1a: Iron Hands\n|-end|p1a: Iron Hands|Quark Drive|[silent]\n|\n|upkeep\n|\n|t:|1771259876\n|switch|p1a: Pincurchin|Pincurchin, M|76/100\n|turn|6\n|\n|t:|1771259882\n|-terastallize|p1b: Iron Moth|Water\n|move|p1a: Pincurchin|Sucker Punch|p2b: Tornadus\n|-crit|p2b: Tornadus\n|-damage|p2b: Tornadus|0 fnt\n|faint|p2b: Tornadus\n|move|p2a: Dragonite|Earthquake|p1a: Pincurchin|[spread] p1a,p1b\n|-supereffective|p1a: Pincurchin\n|-crit|p1b: Iron Moth\n|-damage|p1a: Pincurchin|0 fnt\n|-damage|p1b: Iron Moth|30/100\n|faint|p1a: Pincurchin\n|move|p1b: Iron Moth|Tera Blast|p2a: Dragonite|[anim] Tera Blast Water\n|-supereffective|p2a: Dragonite\n|-damage|p2a: Dragonite|0 fnt\n|faint|p2a: Dragonite\n|\n|upkeep\n|\n|t:|1771259897\n|switch|p2b: Golem|Golem, F|100/100\n|switch|p2a: Articuno|Articuno-Galar|100/100\n|turn|7\n|\n|t:|1771259906\n|move|p1b: Iron Moth|Protect|p1b: Iron Moth\n|-singleturn|p1b: Iron Moth|Protect\n|move|p2a: Articuno|Hyper Beam|p1b: Iron Moth\n|-activate|p1b: Iron Moth|move: Protect\n|move|p2b: Golem|Rock Slide|p1b: Iron Moth\n|-activate|p1b: Iron Moth|move: Protect\n|\n|-fieldend|move: Electric Terrain\n|-end|p1b: Iron Moth|Quark Drive\n|upkeep\n|turn|8\n|\n|t:|1771259917\n|move|p2a: Articuno|Hyper Beam|p1b: Iron Moth\n|-damage|p1b: Iron Moth|0 fnt\n|-mustrecharge|p2a: Articuno\n|faint|p1b: Iron Moth\n|-end|p1b: Iron Moth|Quark Drive|[silent]\n|\n|win|qwqwwqqwwq\n|raw|IвқӨпёҸеЁңзҰ„forever's rating: 1565 &rarr; <strong>1545</strong><br />(-20 for losing)\n|raw|qwqwwqqwwq's rating: 1561 &rarr; <strong>1581</strong><br />(+20 for winning)\n|l|вҳҶIвқӨпёҸеЁңзҰ„forever\n|player|p1|\n|l|вҳҶqwqwwqqwwq\n|player|p2|\n", "uploadtime": 1771260131, "views": 6, "formatid": "gen9doublesou", "rating": 1545, "private": 0, "password": null}