{"id": "gen9doublesou-2540082407", "format": "[Gen 9] Doubles OU", "players": ["samu4846", "Coldblooded0706"], "log": "|j|Ōśåsamu4846\n|j|ŌśåColdblooded0706\n|t:|1771158736\n|gametype|doubles\n|player|p1|samu4846|102|1617\n|player|p2|Coldblooded0706|102|1622\n|gen|9\n|tier|[Gen 9] Doubles OU\n|rated|\n|rule|HP Percentage Mod: HP is shown in percentages\n|rule|Endless Battle Clause: Forcing endless battles is banned\n|rule|Species Clause: Limit one of each Pok├®mon\n|rule|OHKO Clause: OHKO moves are banned\n|rule|Evasion Moves Clause: Evasion moves are banned\n|rule|Gravity Sleep Clause: The combination of sleep-inducing moves with imperfect accuracy and Gravity or Gigantamax Orbeetle are banned\n|rule|Evasion Abilities Clause: Evasion abilities are banned\n|clearpoke\n|poke|p1|Torkoal, M|\n|poke|p1|Raging Bolt|\n|poke|p1|Ogerpon-Hearthflame, F|\n|poke|p1|Okidogi, M|\n|poke|p1|Chien-Pao|\n|poke|p1|Hoopa-Unbound|\n|poke|p2|Murkrow, F|\n|poke|p2|Chandelure, M|\n|poke|p2|Zapdos-Galar|\n|poke|p2|Tsareena, F|\n|poke|p2|Metagross|\n|poke|p2|Sylveon, F|\n|teampreview\n|inactive|Battle timer is ON: inactive players will automatically lose when time's up. (requested by samu4846)\n|l|ŌśåColdblooded0706\n|inactive|Coldblooded0706 disconnected and has a minute to reconnect!\n|player|p2|\n|j|ŌśåColdblooded0706\n|inactive|Coldblooded0706 reconnected and has 140 seconds left.\n|player|p2|Coldblooded0706|102|\n|l|ŌśåColdblooded0706\n|inactive|Coldblooded0706 disconnected and has a minute to reconnect!\n|player|p2|\n|c|Ōśåsamu4846|Glhf?\n|inactive|Coldblooded0706 has 30 seconds to reconnect!\n|j|ŌśåColdblooded0706\n|inactive|Coldblooded0706 reconnected and has 100 seconds left.\n|player|p2|Coldblooded0706|102|\n|inactive|Coldblooded0706 has 90 seconds left.\n|j| dukeker2\n|c|Ōśåsamu4846|Bad internet ?\n|\n|t:|1771158809\n|teamsize|p1|6\n|teamsize|p2|6\n|start\n|switch|p1a: Raging Bolt|Raging Bolt|100/100\n|switch|p1b: Okidogi|Okidogi, M|100/100\n|switch|p2a: Zapdos|Zapdos-Galar|100/100\n|switch|p2b: Sylveon|Sylveon, F|100/100\n|turn|1\n|l| dukeker2\n|inactive|samu4846 has 120 seconds left.\n|\n|t:|1771158847\n|move|p2a: Zapdos|Brave Bird|p1b: Okidogi\n|-supereffective|p1b: Okidogi\n|-damage|p1b: Okidogi|10/100\n|-damage|p2a: Zapdos|65/100|[from] Recoil\n|move|p2b: Sylveon|Hyper Voice|p1a: Raging Bolt|[spread] p1a,p1b\n|-supereffective|p1a: Raging Bolt\n|-damage|p1a: Raging Bolt|34/100\n|-damage|p1b: Okidogi|0 fnt\n|faint|p1b: Okidogi\n|move|p1a: Raging Bolt|Volt Switch|p2a: Zapdos\n|-supereffective|p2a: Zapdos\n|-damage|p2a: Zapdos|0 fnt\n|faint|p2a: Zapdos\n|\n|t:|1771158864\n|-end|p1a: Raging Bolt|Protosynthesis|[silent]\n|switch|p1a: Ogerpon|Ogerpon-Hearthflame, F|100/100|[from] Volt Switch\n|-ability|p1a: Ogerpon|Mold Breaker\n|\n|upkeep\n|\n|t:|1771158877\n|switch|p2a: Murkrow|Murkrow, F|100/100\n|switch|p1b: Torkoal|Torkoal, M, shiny|100/100\n|-weather|SunnyDay|[from] ability: Drought|[of] p1b: Torkoal\n|turn|2\n|inactive|samu4846 has 120 seconds left.\n|\n|t:|1771158888\n|-terastallize|p1a: Ogerpon|Fire\n|detailschange|p1a: Ogerpon|Ogerpon-Hearthflame-Tera, F, tera:Fire\n|-ability|p1a: Ogerpon|Embody Aspect (Hearthflame)|boost\n|-boost|p1a: Ogerpon|atk|1\n|move|p2a: Murkrow|Tailwind|p2a: Murkrow\n|-sidestart|p2: Coldblooded0706|move: Tailwind\n|move|p2b: Sylveon|Hyper Voice|p1a: Ogerpon|[spread] p1a,p1b\n|-resisted|p1a: Ogerpon\n|-resisted|p1b: Torkoal\n|-damage|p1a: Ogerpon|67/100\n|-damage|p1b: Torkoal|64/100\n|move|p1a: Ogerpon|Ivy Cudgel|p2b: Sylveon|[anim] Ivy Cudgel Fire\n|-damage|p2b: Sylveon|0 fnt\n|faint|p2b: Sylveon\n|move|p1b: Torkoal|Eruption|p2a: Murkrow\n|-damage|p2a: Murkrow|35/100\n|\n|-weather|SunnyDay|[upkeep]\n|upkeep\n|\n|t:|1771158905\n|switch|p2b: Metagross|Metagross|100/100\n|turn|3\n|\n|t:|1771158924\n|-terastallize|p2b: Metagross|Ground\n|move|p2b: Metagross|Earthquake|p1b: Torkoal|[spread] p1a,p1b\n|-immune|p2a: Murkrow\n|-supereffective|p1a: Ogerpon\n|-supereffective|p1b: Torkoal\n|-damage|p1a: Ogerpon|0 fnt\n|-damage|p1b: Torkoal|2/100\n|faint|p1a: Ogerpon\n|detailschange|p1: Ogerpon|Ogerpon-Hearthflame, F|[silent]\n|move|p2a: Murkrow|Foul Play|p1b: Torkoal\n|-damage|p1b: Torkoal|0 fnt\n|faint|p1b: Torkoal\n|\n|-weather|SunnyDay|[upkeep]\n|upkeep\n|\n|t:|1771158936\n|switch|p1a: Chien-Pao|Chien-Pao|100/100\n|switch|p1b: Hoopa|Hoopa-Unbound|100/100\n|-ability|p1a: Chien-Pao|Sword of Ruin\n|turn|4\n|\n|t:|1771158964\n|move|p2b: Metagross|Earthquake|p1a: Chien-Pao|[spread] p1a,p1b\n|-immune|p2a: Murkrow\n|-damage|p1a: Chien-Pao|37/100\n|-damage|p1b: Hoopa|15/100\n|move|p2a: Murkrow|Foul Play|p1b: Hoopa\n|-damage|p1b: Hoopa|0 fnt\n|faint|p1b: Hoopa\n|move|p1a: Chien-Pao|Ice Spinner|p2b: Metagross\n|-supereffective|p2b: Metagross\n|-damage|p2b: Metagross|0 fnt\n|faint|p2b: Metagross\n|\n|-weather|SunnyDay|[upkeep]\n|upkeep\n|\n|t:|1771158977\n|switch|p2b: Tsareena|Tsareena, F|100/100\n|switch|p1b: Raging Bolt|Raging Bolt|34/100\n|-activate|p1b: Raging Bolt|ability: Protosynthesis\n|-start|p1b: Raging Bolt|protosynthesisspa\n|turn|5\n|l|Ōśåsamu4846\n|inactive|samu4846 disconnected and has a minute to reconnect!\n|player|p1|\n|inactive|samu4846 has 30 seconds to reconnect!\n|inactive|samu4846 has 20 seconds to reconnect!\n|inactive|samu4846 has 15 seconds to reconnect!\n|inactive|samu4846 has 10 seconds to reconnect!\n|j| LeonXmg7\n|inactive|samu4846 has 5 seconds to reconnect!\n|-message|samu4846 lost due to inactivity.\n|\n|win|Coldblooded0706\n|raw|samu4846's rating: 1617 &rarr; <strong>1597</strong><br />(-20 for losing)\n|raw|Coldblooded0706's rating: 1622 &rarr; <strong>1642</strong><br />(+20 for winning)\n|l| LeonXmg7\n|l|ŌśåColdblooded0706\n|player|p2|\n", "uploadtime": 1771159339, "views": 13, "formatid": "gen9doublesou", "rating": 1597, "private": 0, "password": null}