{"id": "gen9doublesou-2540002399", "format": "[Gen 9] Doubles OU", "players": ["punyakoko", "wuminshi"], "log": "|j|☆punyakoko\n|j|☆wuminshi\n|t:|1771142231\n|gametype|doubles\n|player|p1|punyakoko|calem-masters|1686\n|player|p2|wuminshi|shadowtriad|1638\n|gen|9\n|tier|[Gen 9] Doubles OU\n|rated|\n|rule|HP Percentage Mod: HP is shown in percentages\n|rule|Endless Battle Clause: Forcing endless battles is banned\n|rule|Species Clause: Limit one of each Pokémon\n|rule|OHKO Clause: OHKO moves are banned\n|rule|Evasion Moves Clause: Evasion moves are banned\n|rule|Gravity Sleep Clause: The combination of sleep-inducing moves with imperfect accuracy and Gravity or Gigantamax Orbeetle are banned\n|rule|Evasion Abilities Clause: Evasion abilities are banned\n|clearpoke\n|poke|p1|Farigiraf, F|\n|poke|p1|Sylveon, F|\n|poke|p1|Landorus, M|\n|poke|p1|Roaring Moon|\n|poke|p1|Incineroar, M|\n|poke|p1|Ogerpon-Wellspring, F|\n|poke|p2|Articuno-Galar|\n|poke|p2|Stantler, F|\n|poke|p2|Pelipper, F|\n|poke|p2|Kingambit, F|\n|poke|p2|Clefairy, F|\n|poke|p2|Indeedee-F, F|\n|teampreview\n|\n|t:|1771142251\n|teamsize|p1|6\n|teamsize|p2|6\n|start\n|switch|p1a: Incineroar|Incineroar, M, shiny|100/100\n|switch|p1b: Sylveon|Sylveon, F, shiny|100/100\n|switch|p2a: 長崎素世|Stantler, F|100/100\n|switch|p2b: 高松燈|Articuno-Galar|100/100\n|-ability|p2a: 長崎素世|Intimidate|boost\n|-unboost|p1a: Incineroar|atk|1\n|-unboost|p1b: Sylveon|atk|1\n|-ability|p1a: Incineroar|Intimidate|boost\n|-unboost|p2a: 長崎素世|atk|1\n|-unboost|p2b: 高松燈|atk|1\n|-ability|p2b: 高松燈|Competitive|boost\n|-boost|p2b: 高松燈|spa|2\n|-enditem|p2b: 高松燈|Adrenaline Orb\n|-boost|p2b: 高松燈|spe|1|[from] item: Adrenaline Orb\n|turn|1\n|inactive|Battle timer is ON: inactive players will automatically lose when time's up. (requested by wuminshi)\n|\n|t:|1771142263\n|-terastallize|p1b: Sylveon|Fairy\n|move|p2b: 高松燈|Protect|p2b: 高松燈\n|-singleturn|p2b: 高松燈|Protect\n|move|p1a: Incineroar|Fake Out|p2a: 長崎素世\n|-damage|p2a: 長崎素世|90/100\n|cant|p2a: 長崎素世|flinch\n|move|p1b: Sylveon|Hyper Voice|p2a: 長崎素世|[spread] p2a\n|-activate|p2b: 高松燈|move: Protect\n|-damage|p2a: 長崎素世|0 fnt\n|faint|p2a: 長崎素世\n|\n|upkeep\n|\n|t:|1771142274\n|switch|p2a: 要樂奈|Indeedee-F, F, shiny|100/100\n|-fieldstart|move: Psychic Terrain|[from] ability: Psychic Surge|[of] p2a: 要樂奈\n|turn|2\n|\n|t:|1771142291\n|switch|p1b: Roaring Moon|Roaring Moon|100/100\n|-enditem|p1b: Roaring Moon|Booster Energy\n|-activate|p1b: Roaring Moon|ability: Protosynthesis|[fromitem]\n|-start|p1b: Roaring Moon|protosynthesisspe\n|-terastallize|p2b: 高松燈|Fighting\n|move|p2a: 要樂奈|Helping Hand|p2b: 高松燈\n|-singleturn|p2b: 高松燈|Helping Hand|[of] p2a: 要樂奈\n|move|p2b: 高松燈|Expanding Force|p1b: Roaring Moon|[spread] \n|-immune|p1a: Incineroar\n|-immune|p1b: Roaring Moon\n|move|p1a: Incineroar|U-turn|p2b: 高松燈\n|-resisted|p2b: 高松燈\n|-damage|p2b: 高松燈|91/100\n|\n|t:|1771142310\n|switch|p1a: Sylveon|Sylveon, F, shiny, tera:Fairy|100/100|[from] U-turn\n|\n|upkeep\n|turn|3\n|\n|t:|1771142323\n|move|p2a: 要樂奈|Helping Hand|p2b: 高松燈\n|-singleturn|p2b: 高松燈|Helping Hand|[of] p2a: 要樂奈\n|move|p1b: Roaring Moon|Tailwind|p1b: Roaring Moon\n|-sidestart|p1: punyakoko|move: Tailwind\n|move|p2b: 高松燈|Expanding Force|p1a: Sylveon|[spread] p1a\n|-immune|p1b: Roaring Moon\n|-damage|p1a: Sylveon|0 fnt\n|faint|p1a: Sylveon\n|\n|upkeep\n|\n|t:|1771142332\n|switch|p1a: Incineroar|Incineroar, M, shiny|100/100\n|-ability|p1a: Incineroar|Intimidate|boost\n|-unboost|p2a: 要樂奈|atk|1\n|-unboost|p2b: 高松燈|atk|1\n|-ability|p2b: 高松燈|Competitive|boost\n|-boost|p2b: 高松燈|spa|2\n|turn|4\n|\n|t:|1771142349\n|move|p2a: 要樂奈|Follow Me|p2a: 要樂奈\n|-singleturn|p2a: 要樂奈|move: Follow Me\n|move|p1b: Roaring Moon|Acrobatics|p2a: 要樂奈\n|-damage|p2a: 要樂奈|62/100\n|move|p2b: 高松燈|Tera Blast|p1b: Roaring Moon|[anim] Tera Blast Fighting\n|-supereffective|p1b: Roaring Moon\n|-damage|p1b: Roaring Moon|0 fnt\n|faint|p1b: Roaring Moon\n|-end|p1b: Roaring Moon|Protosynthesis|[silent]\n|move|p1a: Incineroar|Flare Blitz|p2a: 要樂奈\n|-damage|p2a: 要樂奈|14/100\n|-enditem|p2a: 要樂奈|Sitrus Berry|[eat]\n|-heal|p2a: 要樂奈|39/100|[from] item: Sitrus Berry\n|-damage|p1a: Incineroar|87/100|[from] Recoil\n|\n|upkeep\n|-message|punyakoko forfeited.\n|\n|win|wuminshi\n|raw|punyakoko's rating: 1686 &rarr; <strong>1663</strong><br />(-23 for losing)\n|raw|wuminshi's rating: 1638 &rarr; <strong>1661</strong><br />(+23 for winning)\n|l|☆punyakoko\n|player|p1|\n|l|☆wuminshi\n|player|p2|\n", "uploadtime": 1771142697, "views": 22, "formatid": "gen9doublesou", "rating": 1661, "private": 0, "password": null}