{"id": "gen9doublesou-2540665375", "format": "[Gen 9] Doubles OU", "players": ["Kochu_shak", "ultimathrash"], "log": "|badge|p1|silver|gen9doublesou|30-8\n|uhtml|medal-msg|<div class=\"broadcast-blue\">Curious what those medals under the avatar are? PS now has Ladder Seasons! For more information, check out the <a href=\"https://www.smogon.com/forums/threads/3740067/\">thread on Smogon.</a></div>\n|j|☆Kochu_shak\n|j|☆ultimathrash\n|t:|1771236734\n|gametype|doubles\n|player|p1|Kochu_shak|morty-masters2|1837\n|player|p2|ultimathrash|pilot|1697\n|gen|9\n|tier|[Gen 9] Doubles OU\n|rated|\n|rule|HP Percentage Mod: HP is shown in percentages\n|rule|Endless Battle Clause: Forcing endless battles is banned\n|rule|Species Clause: Limit one of each Pokémon\n|rule|OHKO Clause: OHKO moves are banned\n|rule|Evasion Moves Clause: Evasion moves are banned\n|rule|Gravity Sleep Clause: The combination of sleep-inducing moves with imperfect accuracy and Gravity or Gigantamax Orbeetle are banned\n|rule|Evasion Abilities Clause: Evasion abilities are banned\n|clearpoke\n|poke|p1|Ogerpon-Wellspring, F|\n|poke|p1|Glimmora, F|\n|poke|p1|Tornadus, M|\n|poke|p1|Landorus, M|\n|poke|p1|Kingambit, F|\n|poke|p1|Chi-Yu|\n|poke|p2|Ninetales-Alola, M|\n|poke|p2|Iron Bundle|\n|poke|p2|Arcanine-Hisui, M|\n|poke|p2|Moltres-Galar|\n|poke|p2|Diancie|\n|poke|p2|Sinistcha|\n|teampreview\n|inactive|Battle timer is ON: inactive players will automatically lose when time's up. (requested by Kochu_shak)\n|c|☆ultimathrash|hf\n|\n|t:|1771236756\n|teamsize|p1|6\n|teamsize|p2|6\n|start\n|switch|p1a: Chi-Yu|Chi-Yu|100/100\n|switch|p1b: Glimmora|Glimmora, F, shiny|100/100\n|switch|p2a: Arcanine|Arcanine-Hisui, M|100/100\n|switch|p2b: Diancie|Diancie|100/100\n|-ability|p2a: Arcanine|Intimidate|boost\n|-unboost|p1a: Chi-Yu|atk|1\n|-unboost|p1b: Glimmora|atk|1\n|-ability|p1a: Chi-Yu|Beads of Ruin\n|turn|1\n|\n|t:|1771236773\n|move|p2a: Arcanine|Rock Slide|p1a: Chi-Yu|[spread] p1a,p1b\n|-supereffective|p1a: Chi-Yu\n|-damage|p1a: Chi-Yu|45/100\n|-damage|p1b: Glimmora|64/100\n|-activate|p1b: Glimmora|ability: Toxic Debris\n|-sidestart|p2: ultimathrash|move: Toxic Spikes\n|move|p1b: Glimmora|Meteor Beam||[still]\n|-prepare|p1b: Glimmora|Meteor Beam\n|-boost|p1b: Glimmora|spa|1\n|-enditem|p1b: Glimmora|Power Herb\n|-anim|p1b: Glimmora|Meteor Beam|p2b: Diancie\n|-damage|p2b: Diancie|9/100\n|move|p1a: Chi-Yu|Heat Wave|p2b: Diancie|[spread] p2a,p2b\n|-resisted|p2a: Arcanine\n|-resisted|p2b: Diancie\n|-damage|p2a: Arcanine|82/100\n|-damage|p2b: Diancie|0 fnt\n|faint|p2b: Diancie\n|\n|upkeep\n|c|☆ultimathrash|nahhhhh braindead ho\n|inactive|ultimathrash has 120 seconds left.\n|-message|ultimathrash forfeited.\n|\n|win|Kochu_shak\n|raw|Kochu_shak's rating: 1837 &rarr; <strong>1849</strong><br />(+12 for winning)\n|raw|ultimathrash's rating: 1697 &rarr; <strong>1685</strong><br />(-12 for losing)\n|l|☆ultimathrash\n|player|p2|\n|l|☆Kochu_shak\n|player|p1|\n|j|☆Kochu_shak\n|player|p1|Kochu_shak|morty-masters2|\n", "uploadtime": 1771237490, "views": 13, "formatid": "gen9doublesou", "rating": 1685, "private": 0, "password": null}