{"id": "gen9doublesou-2540836374", "format": "[Gen 9] Doubles OU", "players": ["I‚Ě§ÔłŹŚ®úÁ¶Ąforever", "avlavlavlavl"], "log": "|j|‚ėÜI‚Ě§ÔłŹŚ®úÁ¶Ąforever\n|j|‚ėÜavlavlavlavl\n|t:|1771259066\n|gametype|doubles\n|player|p1|I‚Ě§ÔłŹŚ®úÁ¶Ąforever|youngcouple-gen4dp|1602\n|player|p2|avlavlavlavl|lacey|1598\n|gen|9\n|tier|[Gen 9] Doubles OU\n|rated|\n|rule|HP Percentage Mod: HP is shown in percentages\n|rule|Endless Battle Clause: Forcing endless battles is banned\n|rule|Species Clause: Limit one of each Pok√©mon\n|rule|OHKO Clause: OHKO moves are banned\n|rule|Evasion Moves Clause: Evasion moves are banned\n|rule|Gravity Sleep Clause: The combination of sleep-inducing moves with imperfect accuracy and Gravity or Gigantamax Orbeetle are banned\n|rule|Evasion Abilities Clause: Evasion abilities are banned\n|clearpoke\n|poke|p1|Pincurchin, F|\n|poke|p1|Iron Hands|\n|poke|p1|Iron Boulder|\n|poke|p1|Weezing, M|\n|poke|p1|Iron Jugulis|\n|poke|p1|Iron Moth|\n|poke|p2|Chi-Yu|\n|poke|p2|Glimmora, F|\n|poke|p2|Ogerpon-Wellspring, F|\n|poke|p2|Tornadus, M|\n|poke|p2|Iron Hands|\n|poke|p2|Gholdengo|\n|teampreview\n|\n|t:|1771259169\n|teamsize|p1|6\n|teamsize|p2|6\n|start\n|switch|p1a: Iron Hands|Iron Hands|100/100\n|switch|p1b: Weezing|Weezing, M|100/100\n|switch|p2a: Chi-Yu|Chi-Yu|100/100\n|switch|p2b: Tornadus|Tornadus, M|100/100\n|-ability|p1b: Weezing|Neutralizing Gas\n|turn|1\n|\n|t:|1771259196\n|move|p2a: Chi-Yu|Protect|p2a: Chi-Yu\n|-singleturn|p2a: Chi-Yu|Protect\n|move|p1a: Iron Hands|Fake Out|p2a: Chi-Yu\n|-activate|p2a: Chi-Yu|move: Protect\n|move|p2b: Tornadus|Tailwind|p2b: Tornadus\n|-sidestart|p2: avlavlavlavl|move: Tailwind\n|move|p1b: Weezing|Substitute|p1b: Weezing\n|-start|p1b: Weezing|Substitute\n|-damage|p1b: Weezing|75/100\n|\n|-heal|p1b: Weezing|82/100|[from] item: Leftovers\n|upkeep\n|turn|2\n|\n|t:|1771259219\n|switch|p2a: Glimmora|Glimmora, F|100/100\n|move|p1b: Weezing|Protect|p1b: Weezing\n|-singleturn|p1b: Weezing|Protect\n|move|p2b: Tornadus|Bleakwind Storm|p1a: Iron Hands|[spread] \n|-activate|p1b: Weezing|move: Protect\n|-miss|p2b: Tornadus|p1a: Iron Hands\n|move|p1a: Iron Hands|Drain Punch|p2a: Glimmora\n|-damage|p2a: Glimmora|57/100\n|\n|-heal|p1b: Weezing|88/100|[from] item: Leftovers\n|upkeep\n|turn|3\n|\n|t:|1771259238\n|move|p2a: Glimmora|Meteor Beam||[still]\n|-prepare|p2a: Glimmora|Meteor Beam\n|-boost|p2a: Glimmora|spa|1\n|-enditem|p2a: Glimmora|Power Herb\n|-anim|p2a: Glimmora|Meteor Beam|p1b: Weezing\n|-end|p1b: Weezing|Substitute\n|move|p2b: Tornadus|Bleakwind Storm|p1a: Iron Hands|[spread] p1a,p1b\n|-crit|p1a: Iron Hands\n|-damage|p1a: Iron Hands|64/100\n|-damage|p1b: Weezing|50/100\n|move|p1b: Weezing|Sludge Bomb|p2b: Tornadus\n|-damage|p2b: Tornadus|68/100\n|move|p1a: Iron Hands|Heavy Slam|p2a: Glimmora\n|-supereffective|p2a: Glimmora\n|-damage|p2a: Glimmora|0 fnt\n|faint|p2a: Glimmora\n|\n|-heal|p1b: Weezing|57/100|[from] item: Leftovers\n|upkeep\n|\n|t:|1771259259\n|switch|p2a: Chi-Yu|Chi-Yu|100/100\n|turn|4\n|\n|t:|1771259266\n|move|p1b: Weezing|Protect|p1b: Weezing\n|-singleturn|p1b: Weezing|Protect\n|move|p2a: Chi-Yu|Nasty Plot|p2a: Chi-Yu\n|-boost|p2a: Chi-Yu|spa|2\n|move|p2b: Tornadus|Bleakwind Storm|p1a: Iron Hands|[spread] p1a\n|-activate|p1b: Weezing|move: Protect\n|-damage|p1a: Iron Hands|39/100\n|move|p1a: Iron Hands|Thunder Punch|p2b: Tornadus\n|-supereffective|p2b: Tornadus\n|-damage|p2b: Tornadus|0 fnt\n|faint|p2b: Tornadus\n|\n|-heal|p1b: Weezing|63/100|[from] item: Leftovers\n|-sideend|p2: avlavlavlavl|move: Tailwind\n|upkeep\n|\n|t:|1771259289\n|switch|p2b: Ogerpon|Ogerpon-Wellspring, F|100/100\n|turn|5\n|\n|t:|1771259327\n|move|p2b: Ogerpon|Ivy Cudgel|p1a: Iron Hands|[anim] Ivy Cudgel Water\n|-damage|p1a: Iron Hands|0 fnt\n|faint|p1a: Iron Hands\n|-end|p1a: Iron Hands|Quark Drive|[silent]\n|move|p2a: Chi-Yu|Heat Wave|p1b: Weezing\n|-damage|p1b: Weezing|0 fnt\n|faint|p1b: Weezing\n|-end|p1b: Weezing|ability: Neutralizing Gas\n|-ability|p2a: Chi-Yu|Beads of Ruin\n|\n|upkeep\n|\n|t:|1771259337\n|switch|p1b: Iron Boulder|Iron Boulder|100/100\n|switch|p1a: Pincurchin|Pincurchin, F|100/100\n|-fieldstart|move: Electric Terrain|[from] ability: Electric Surge|[of] p1a: Pincurchin\n|-activate|p1b: Iron Boulder|ability: Quark Drive\n|-start|p1b: Iron Boulder|quarkdrivespe\n|turn|6\n|\n|t:|1771259361\n|move|p1a: Pincurchin|Sucker Punch|p2b: Ogerpon\n|-damage|p2b: Ogerpon|73/100\n|move|p1b: Iron Boulder|Mighty Cleave|p2a: Chi-Yu\n|-supereffective|p2a: Chi-Yu\n|-enditem|p2a: Chi-Yu|Focus Sash\n|-damage|p2a: Chi-Yu|1/100\n|move|p2b: Ogerpon|Ivy Cudgel|p1a: Pincurchin|[anim] Ivy Cudgel Water\n|-crit|p1a: Pincurchin\n|-damage|p1a: Pincurchin|2/100\n|-enditem|p1a: Pincurchin|Eject Button\n|\n|t:|1771259372\n|switch|p1a: Iron Moth|Iron Moth|100/100\n|-enditem|p1a: Iron Moth|Electric Seed\n|-boost|p1a: Iron Moth|def|1|[from] item: Electric Seed\n|-activate|p1a: Iron Moth|ability: Quark Drive\n|-start|p1a: Iron Moth|quarkdrivespa\n|move|p2a: Chi-Yu|Dark Pulse|p1b: Iron Boulder\n|-supereffective|p1b: Iron Boulder\n|-damage|p1b: Iron Boulder|0 fnt\n|faint|p1b: Iron Boulder\n|-end|p1b: Iron Boulder|Quark Drive|[silent]\n|\n|upkeep\n|\n|t:|1771259384\n|switch|p1b: Iron Jugulis|Iron Jugulis|100/100\n|-activate|p1b: Iron Jugulis|ability: Quark Drive\n|-start|p1b: Iron Jugulis|quarkdrivespe\n|turn|7\n|\n|t:|1771259402\n|-terastallize|p2b: Ogerpon|Water\n|detailschange|p2b: Ogerpon|Ogerpon-Wellspring-Tera, F, tera:Water\n|-ability|p2b: Ogerpon|Embody Aspect (Wellspring)|boost\n|-boost|p2b: Ogerpon|spd|1\n|move|p2b: Ogerpon|Follow Me|p2b: Ogerpon\n|-singleturn|p2b: Ogerpon|move: Follow Me\n|move|p1b: Iron Jugulis|Snarl|p2b: Ogerpon|[spread] p2a,p2b\n|-resisted|p2a: Chi-Yu\n|-damage|p2a: Chi-Yu|0 fnt\n|-damage|p2b: Ogerpon|45/100\n|-unboost|p2b: Ogerpon|spa|1\n|faint|p2a: Chi-Yu\n|move|p1a: Iron Moth|Heat Wave|p2b: Ogerpon\n|-resisted|p2b: Ogerpon\n|-damage|p2b: Ogerpon|18/100\n|\n|upkeep\n|\n|t:|1771259415\n|switch|p2a: Iron Hands|Iron Hands|100/100\n|-activate|p2a: Iron Hands|ability: Quark Drive\n|-start|p2a: Iron Hands|quarkdriveatk\n|turn|8\n|\n|t:|1771259423\n|move|p1a: Iron Moth|Protect|p1a: Iron Moth\n|-singleturn|p1a: Iron Moth|Protect\n|move|p2a: Iron Hands|Fake Out|p1b: Iron Jugulis\n|-damage|p1b: Iron Jugulis|82/100\n|cant|p1b: Iron Jugulis|flinch\n|move|p2b: Ogerpon|Ivy Cudgel|p1a: Iron Moth|[anim] Ivy Cudgel Water\n|-activate|p1a: Iron Moth|move: Protect\n|\n|upkeep\n|turn|9\n|\n|t:|1771259441\n|-terastallize|p1a: Iron Moth|Water\n|move|p2b: Ogerpon|Spiky Shield|p2b: Ogerpon\n|-singleturn|p2b: Ogerpon|move: Protect\n|move|p1b: Iron Jugulis|Snarl|p2b: Ogerpon|[spread] p2a\n|-activate|p2b: Ogerpon|move: Protect\n|-resisted|p2a: Iron Hands\n|-damage|p2a: Iron Hands|94/100\n|-unboost|p2a: Iron Hands|spa|1\n|move|p1a: Iron Moth|Heat Wave|p2a: Iron Hands|[spread] p2a\n|-activate|p2b: Ogerpon|move: Protect\n|-damage|p2a: Iron Hands|69/100\n|move|p2a: Iron Hands|Wild Charge|p1b: Iron Jugulis\n|-supereffective|p1b: Iron Jugulis\n|-damage|p1b: Iron Jugulis|0 fnt\n|faint|p1b: Iron Jugulis\n|-end|p1b: Iron Jugulis|Quark Drive|[silent]\n|-damage|p2a: Iron Hands|51/100|[from] Recoil\n|\n|upkeep\n|\n|t:|1771259459\n|switch|p1b: Pincurchin|Pincurchin, F|2/100\n|turn|10\n|\n|t:|1771259465\n|move|p1b: Pincurchin|Sucker Punch|p2b: Ogerpon\n|-damage|p2b: Ogerpon|0 fnt\n|faint|p2b: Ogerpon\n|detailschange|p2: Ogerpon|Ogerpon-Wellspring, F|[silent]\n|move|p1a: Iron Moth|Heat Wave|p2a: Iron Hands\n|-damage|p2a: Iron Hands|18/100\n|move|p2a: Iron Hands|Wild Charge|p1a: Iron Moth\n|-supereffective|p1a: Iron Moth\n|-damage|p1a: Iron Moth|0 fnt\n|faint|p1a: Iron Moth\n|-end|p1a: Iron Moth|Quark Drive|[silent]\n|-damage|p2a: Iron Hands|0 fnt|[from] Recoil\n|faint|p2a: Iron Hands\n|-end|p2a: Iron Hands|Quark Drive|[silent]\n|\n|-fieldend|move: Electric Terrain\n|upkeep\n|\n|t:|1771259469\n|switch|p2a: Gholdengo|Gholdengo|100/100\n|turn|11\n|\n|t:|1771259486\n|move|p1b: Pincurchin|Sucker Punch|p2a: Gholdengo\n|-supereffective|p2a: Gholdengo\n|-damage|p2a: Gholdengo|57/100\n|move|p2a: Gholdengo|Shadow Ball|p1b: Pincurchin\n|-crit|p1b: Pincurchin\n|-damage|p1b: Pincurchin|0 fnt\n|faint|p1b: Pincurchin\n|\n|win|avlavlavlavl\n|raw|I‚Ě§ÔłŹŚ®úÁ¶Ąforever's rating: 1602 &rarr; <strong>1582</strong><br />(-20 for losing)\n|raw|avlavlavlavl's rating: 1598 &rarr; <strong>1618</strong><br />(+20 for winning)\n|l|‚ėÜI‚Ě§ÔłŹŚ®úÁ¶Ąforever\n|player|p1|\n|l|‚ėÜavlavlavlavl\n|player|p2|\n", "uploadtime": 1771259719, "views": 6, "formatid": "gen9doublesou", "rating": 1582, "private": 0, "password": null}