{"id": "gen9randomdoublesbattle-2536799805", "format": "[Gen 9] Random Doubles Battle", "players": ["juanpacapo", "yes eye on1"], "log": "|j|☆juanpacapo\n|j|☆yes eye on1\n|t:|1770737999\n|gametype|doubles\n|player|p1|juanpacapo|striker|1666\n|player|p2|yes eye on1|265|1561\n|gen|9\n|tier|[Gen 9] Random Doubles Battle\n|rated|\n|rule|Species Clause: Limit one of each Pokémon\n|rule|HP Percentage Mod: HP is shown in percentages\n|rule|Illusion Level Mod: Illusion disguises the Pokémon's true level\n|rule|Sleep Clause Mod: Limit one foe put to sleep\n|\n|t:|1770737999\n|teamsize|p1|6\n|teamsize|p2|6\n|start\n|switch|p1a: Magnezone|Magnezone, L84|255/255\n|switch|p1b: Kingdra|Kingdra, L85, F|266/266\n|switch|p2a: Arbok|Arbok, L88, F|249/249\n|switch|p2b: Dragapult|Dragapult, L79, F|269/269\n|-ability|p2a: Arbok|Intimidate|boost\n|-unboost|p1a: Magnezone|atk|1\n|-unboost|p1b: Kingdra|atk|1\n|turn|1\n|\n|t:|1770738035\n|switch|p1a: Serperior|Serperior, L80, F|251/251\n|move|p2b: Dragapult|U-turn|p1b: Kingdra\n|-damage|p1b: Kingdra|191/266\n|\n|t:|1770738044\n|switch|p2b: Ludicolo|Ludicolo, L89, M|287/287|[from] U-turn\n|move|p1b: Kingdra|Rain Dance|p1b: Kingdra\n|-weather|RainDance\n|move|p2a: Arbok|Glare|p1b: Kingdra\n|-status|p1b: Kingdra|par\n|\n|-weather|RainDance|[upkeep]\n|upkeep\n|turn|2\n|\n|t:|1770738058\n|move|p1a: Serperior|Protect|p1a: Serperior\n|-singleturn|p1a: Serperior|Protect\n|move|p2b: Ludicolo|Energy Ball|p1b: Kingdra\n|-damage|p1b: Kingdra|69/266 par\n|-damage|p2b: Ludicolo|259/287|[from] item: Life Orb\n|cant|p1b: Kingdra|par\n|move|p2a: Arbok|Gunk Shot|p1a: Serperior\n|-activate|p1a: Serperior|move: Protect\n|\n|-weather|RainDance|[upkeep]\n|upkeep\n|turn|3\n|\n|t:|1770738073\n|switch|p1a: Magnezone|Magnezone, L84|255/255\n|move|p2b: Ludicolo|Energy Ball|p1b: Kingdra\n|-damage|p1b: Kingdra|0 fnt\n|faint|p1b: Kingdra\n|-damage|p2b: Ludicolo|231/287|[from] item: Life Orb\n|move|p2a: Arbok|Gunk Shot|p1a: Magnezone\n|-immune|p1a: Magnezone\n|\n|-weather|RainDance|[upkeep]\n|upkeep\n|\n|t:|1770738086\n|switch|p1b: Reuniclus|Reuniclus, L84, M|322/322\n|turn|4\n|\n|t:|1770738093\n|move|p1a: Magnezone|Protect|p1a: Magnezone\n|-singleturn|p1a: Magnezone|Protect\n|move|p2b: Ludicolo|Muddy Water|p1a: Magnezone|[spread] p1b\n|-activate|p1a: Magnezone|move: Protect\n|-damage|p1b: Reuniclus|165/322\n|-unboost|p1b: Reuniclus|accuracy|1\n|-damage|p2b: Ludicolo|203/287|[from] item: Life Orb\n|move|p2a: Arbok|Knock Off|p1b: Reuniclus\n|-supereffective|p1b: Reuniclus\n|-damage|p1b: Reuniclus|0 fnt\n|-enditem|p1b: Reuniclus|Life Orb|[from] move: Knock Off|[of] p2a: Arbok\n|faint|p1b: Reuniclus\n|\n|-weather|RainDance|[upkeep]\n|upkeep\n|-message|juanpacapo forfeited.\n|\n|win|yes eye on1\n|raw|juanpacapo's rating: 1666 &rarr; <strong>1640</strong><br />(-26 for losing)\n|raw|yes eye on1's rating: 1561 &rarr; <strong>1587</strong><br />(+26 for winning)\n|l|☆juanpacapo\n|player|p1|\n", "inputlog": ">version ccdc32dd7cde25fd9e4bed64820e885f66e78a4e\n>start {\"formatid\":\"gen9randomdoublesbattle\",\"seed\":\"sodium,474d121e6a0b6eedb51bce8340c9d071\",\"rated\":\"Rated battle\"}\n>player p1 {\"name\":\"juanpacapo\",\"avatar\":\"striker\",\"rating\":1666,\"seed\":\"sodium,f6132e940650a2511db4ba9b783eb21d\"}\n>player p2 {\"name\":\"yes eye on1\",\"avatar\":\"265\",\"rating\":1561,\"seed\":\"sodium,a3ef0e29d27670ca71f13ee9f836c7fe\"}\n>p1 switch 5, move raindance\n>p2 move glare +2, move uturn +2\n>p2 pass, switch 3\n>p1 move protect, move muddywater\n>p2 move gunkshot +1, move energyball +2\n>p1 switch 5, move muddywater\n>p2 move gunkshot +1, move energyball +2\n>p1 pass, switch 6\n>p1 move protect, move trickroom\n>p2 move knockoff +2, move muddywater\n>forcelose p1", "uploadtime": 1770738118, "views": 65, "formatid": "gen9randomdoublesbattle", "rating": 1587, "private": 0, "password": null}