{"id": "gen9randomdoublesbattle-2540740690", "format": "[Gen 9] Random Doubles Battle", "players": ["Cream2905", "shigeshigetokugawa"], "log": "|j|ŌśåCream2905\n|j|Ōśåshigeshigetokugawa\n|t:|1771248358\n|gametype|doubles\n|player|p1|Cream2905|1|1921\n|player|p2|shigeshigetokugawa|ghetsis-gen5bw|2034\n|gen|9\n|tier|[Gen 9] Random Doubles Battle\n|rated|\n|rule|Species Clause: Limit one of each Pok├®mon\n|rule|HP Percentage Mod: HP is shown in percentages\n|rule|Illusion Level Mod: Illusion disguises the Pok├®mon's true level\n|rule|Sleep Clause Mod: Limit one foe put to sleep\n|\n|t:|1771248358\n|teamsize|p1|6\n|teamsize|p2|6\n|start\n|switch|p1a: Mesprit|Mesprit, L86|278/278\n|switch|p1b: Sawsbuck|Sawsbuck-Winter, L91, F|293/293\n|switch|p2a: Hydreigon|Hydreigon, L82, F|285/285\n|switch|p2b: Iron Moth|Iron Moth, L78|253/253\n|turn|1\n|\n|t:|1771248394\n|-end|p2b: Iron Moth|Quark Drive|[silent]\n|switch|p2b: Drifblim|Drifblim, L85, F|394/394\n|move|p1b: Sawsbuck|High Horsepower|p2b: Drifblim\n|-immune|p2b: Drifblim\n|move|p2a: Hydreigon|Snarl|p1a: Mesprit|[spread] p1a,p1b\n|-supereffective|p1a: Mesprit\n|-damage|p1a: Mesprit|177/278\n|-damage|p1b: Sawsbuck|219/293\n|-unboost|p1a: Mesprit|spa|1\n|-unboost|p1b: Sawsbuck|spa|1\n|-damage|p2a: Hydreigon|257/285|[from] item: Life Orb\n|move|p1a: Mesprit|Ice Beam|p2a: Hydreigon\n|-supereffective|p2a: Hydreigon\n|-damage|p2a: Hydreigon|125/285\n|\n|upkeep\n|turn|2\n|\n|t:|1771248430\n|switch|p1a: Pincurchin|Pincurchin, L97, F|250/250\n|-fieldstart|move: Electric Terrain|[from] ability: Electric Surge|[of] p1a: Pincurchin\n|move|p2a: Hydreigon|Protect|p2a: Hydreigon\n|-singleturn|p2a: Hydreigon|Protect\n|move|p1b: Sawsbuck|Double-Edge|p2a: Hydreigon\n|-activate|p2a: Hydreigon|move: Protect\n|move|p2b: Drifblim|Will-O-Wisp|p1b: Sawsbuck\n|-status|p1b: Sawsbuck|brn\n|\n|-damage|p1b: Sawsbuck|201/293 brn|[from] brn\n|upkeep\n|turn|3\n|\n|t:|1771248444\n|switch|p2b: Appletun|Appletun, L92, M|352/352\n|move|p1b: Sawsbuck|Swords Dance|p1b: Sawsbuck\n|-boost|p1b: Sawsbuck|atk|2\n|move|p2a: Hydreigon|Snarl|p1a: Pincurchin|[spread] p1a,p1b\n|-damage|p1a: Pincurchin|194/250\n|-damage|p1b: Sawsbuck|130/293 brn\n|-unboost|p1a: Pincurchin|spa|1\n|-unboost|p1b: Sawsbuck|spa|1\n|-damage|p2a: Hydreigon|97/285|[from] item: Life Orb\n|move|p1a: Pincurchin|Thunderbolt|p2b: Appletun\n|-resisted|p2b: Appletun\n|-damage|p2b: Appletun|328/352\n|\n|-damage|p1b: Sawsbuck|112/293 brn|[from] brn\n|upkeep\n|turn|4\n|\n|t:|1771248457\n|move|p2a: Hydreigon|Protect|p2a: Hydreigon\n|-singleturn|p2a: Hydreigon|Protect\n|move|p1b: Sawsbuck|Double-Edge|p2a: Hydreigon\n|-activate|p2a: Hydreigon|move: Protect\n|move|p2b: Appletun|Dragon Pulse|p1b: Sawsbuck\n|-damage|p1b: Sawsbuck|0 fnt\n|faint|p1b: Sawsbuck\n|move|p1a: Pincurchin|Electroweb|p2b: Appletun|[spread] p2b\n|-activate|p2a: Hydreigon|move: Protect\n|-resisted|p2b: Appletun\n|-damage|p2b: Appletun|318/352\n|-unboost|p2b: Appletun|spe|1\n|\n|upkeep\n|\n|t:|1771248470\n|switch|p1b: Zebstrika|Zebstrika, L87, M|272/272\n|turn|5\n|\n|t:|1771248487\n|switch|p1b: Hatterene|Hatterene, L84, F|233/233\n|move|p2a: Hydreigon|Snarl|p1a: Pincurchin|[spread] p1a,p1b\n|-damage|p1a: Pincurchin|136/250\n|-damage|p1b: Hatterene|173/233\n|-unboost|p1a: Pincurchin|spa|1\n|-unboost|p1b: Hatterene|spa|1\n|-damage|p2a: Hydreigon|69/285|[from] item: Life Orb\n|move|p1a: Pincurchin|Electroweb|p2a: Hydreigon|[spread] p2a,p2b\n|-resisted|p2a: Hydreigon\n|-resisted|p2b: Appletun\n|-damage|p2a: Hydreigon|53/285\n|-damage|p2b: Appletun|310/352\n|-unboost|p2a: Hydreigon|spe|1\n|-unboost|p2b: Appletun|spe|1\n|move|p2b: Appletun|Apple Acid|p1b: Hatterene\n|-crit|p1b: Hatterene\n|-damage|p1b: Hatterene|46/233\n|-unboost|p1b: Hatterene|spd|1\n|\n|upkeep\n|turn|6\n|\n|t:|1771248505\n|move|p2a: Hydreigon|Snarl|p1b: Hatterene|[spread] p1a,p1b\n|-damage|p1a: Pincurchin|74/250\n|-damage|p1b: Hatterene|0 fnt\n|-unboost|p1a: Pincurchin|spa|1\n|-enditem|p1a: Pincurchin|Sitrus Berry|[eat]\n|-heal|p1a: Pincurchin|136/250|[from] item: Sitrus Berry\n|faint|p1b: Hatterene\n|-damage|p2a: Hydreigon|25/285|[from] item: Life Orb\n|move|p1a: Pincurchin|Electroweb|p2a: Hydreigon|[spread] p2a,p2b\n|-resisted|p2a: Hydreigon\n|-resisted|p2b: Appletun\n|-damage|p2a: Hydreigon|11/285\n|-damage|p2b: Appletun|303/352\n|-unboost|p2a: Hydreigon|spe|1\n|-unboost|p2b: Appletun|spe|1\n|move|p2b: Appletun|Apple Acid|p1a: Pincurchin\n|-damage|p1a: Pincurchin|46/250\n|-unboost|p1a: Pincurchin|spd|1\n|\n|-fieldend|move: Electric Terrain\n|upkeep\n|\n|t:|1771248512\n|switch|p1b: Mesprit|Mesprit, L86|177/278\n|turn|7\n|\n|t:|1771248529\n|switch|p2a: Dedenne|Dedenne, L85, F|253/253\n|move|p1b: Mesprit|Ice Beam|p2b: Appletun\n|-supereffective|p2b: Appletun\n|-damage|p2b: Appletun|103/352\n|-enditem|p2b: Appletun|Sitrus Berry|[eat]\n|-heal|p2b: Appletun|191/352|[from] item: Sitrus Berry\n|move|p1a: Pincurchin|Recover|p1a: Pincurchin\n|-heal|p1a: Pincurchin|171/250\n|move|p2b: Appletun|Apple Acid|p1b: Mesprit\n|-damage|p1b: Mesprit|90/278\n|-unboost|p1b: Mesprit|spd|1\n|\n|upkeep\n|turn|8\n|\n|t:|1771248547\n|switch|p1b: Zebstrika|Zebstrika, L87, M|272/272\n|move|p2a: Dedenne|Dazzling Gleam|p1b: Zebstrika|[spread] p1a,p1b\n|-damage|p1a: Pincurchin|99/250\n|-damage|p1b: Zebstrika|206/272\n|move|p1a: Pincurchin|Electroweb|p2a: Dedenne|[spread] p2a,p2b\n|-resisted|p2a: Dedenne\n|-resisted|p2b: Appletun\n|-damage|p2a: Dedenne|241/253\n|-damage|p2b: Appletun|186/352\n|-unboost|p2a: Dedenne|spe|1\n|-unboost|p2b: Appletun|spe|1\n|move|p2b: Appletun|Dragon Pulse|p1a: Pincurchin\n|-damage|p1a: Pincurchin|0 fnt\n|faint|p1a: Pincurchin\n|\n|upkeep\n|\n|t:|1771248554\n|switch|p1a: Toxicroak|Toxicroak, L85, F|280/280\n|turn|9\n|\n|t:|1771248566\n|switch|p2a: Hydreigon|Hydreigon, L82, F|11/285\n|switch|p2b: Drifblim|Drifblim, L85, F|394/394\n|move|p1b: Zebstrika|High Horsepower|p2a: Hydreigon\n|-immune|p2a: Hydreigon|[from] ability: Levitate\n|move|p1a: Toxicroak|Gunk Shot|p2b: Drifblim|[miss]\n|-miss|p1a: Toxicroak|p2b: Drifblim\n|\n|upkeep\n|turn|10\n|-message|Cream2905 forfeited.\n|\n|win|shigeshigetokugawa\n|raw|Cream2905's rating: 1921 &rarr; <strong>1907</strong><br />(-14 for losing)\n|raw|shigeshigetokugawa's rating: 2034 &rarr; <strong>2048</strong><br />(+14 for winning)\n|l|ŌśåCream2905\n|player|p1|\n|l|Ōśåshigeshigetokugawa\n|player|p2|\n|j|Ōśåshigeshigetokugawa\n|player|p2|shigeshigetokugawa|ghetsis-gen5bw|\n", "inputlog": ">version 686819e5e19f8a7fd2345cfc5a08a5085efa2cc3\n>start {\"formatid\":\"gen9randomdoublesbattle\",\"seed\":\"sodium,82462bb957a29b6566ceb1a7fa783a97\",\"rated\":\"Rated battle\"}\n>player p1 {\"name\":\"Cream2905\",\"avatar\":\"1\",\"rating\":1921,\"seed\":\"sodium,cc05f9132a139a566264bb1fa604e39e\"}\n>player p2 {\"name\":\"shigeshigetokugawa\",\"avatar\":\"ghetsis-gen5bw\",\"rating\":2034,\"seed\":\"sodium,25e63229557d4a4994a8b07a187e1ee3\"}\n>p1 move icebeam +1, move highhorsepower +2\n>p2 move snarl, switch 4\n>p1 switch 5, move doubleedge +1\n>p2 move protect, move willowisp +2\n>p1 move thunderbolt +2, move swordsdance\n>p2 move snarl, switch 5\n>p1 move electroweb, move doubleedge +1\n>p2 move protect, move dragonpulse +2\n>p1 pass, switch 6\n>p1 move electroweb, switch 4\n>p2 move snarl, move appleacid +2\n>p1 move electroweb, move dazzlinggleam\n>p2 move snarl, move appleacid +1\n>p1 pass, switch 5\n>p1 move recover, move icebeam +2\n>p2 switch 3, move appleacid +2\n>p1 move electroweb, switch 4\n>p2 move dazzlinggleam, move dragonpulse +1\n>p1 switch 3, pass\n>p1 move gunkshot +2, move highhorsepower +1\n>p2 switch 3, switch 5\n>forcelose p1", "uploadtime": 1771248580, "views": 13, "formatid": "gen9randomdoublesbattle", "rating": 1907, "private": 0, "password": null}