{"id": "gen9randomdoublesbattle-2539933040", "format": "[Gen 9] Random Doubles Battle", "players": ["pixel_dragon9", "dogcat129"], "log": "|j|☆pixel_dragon9\n|j|☆dogcat129\n|t:|1771129267\n|gametype|doubles\n|player|p1|pixel_dragon9|102|1711\n|player|p2|dogcat129|pokemaniac|1597\n|gen|9\n|tier|[Gen 9] Random Doubles Battle\n|rated|\n|rule|Species Clause: Limit one of each Pokémon\n|rule|HP Percentage Mod: HP is shown in percentages\n|rule|Illusion Level Mod: Illusion disguises the Pokémon's true level\n|rule|Sleep Clause Mod: Limit one foe put to sleep\n|\n|t:|1771129267\n|teamsize|p1|6\n|teamsize|p2|6\n|start\n|switch|p1a: Spectrier|Spectrier, L77|281/281\n|switch|p1b: Solgaleo|Solgaleo, L74|325/325\n|switch|p2a: Keldeo|Keldeo-Resolute, L78|270/270\n|switch|p2b: Sylveon|Sylveon, L79, F|280/280\n|turn|1\n|inactive|Battle timer is ON: inactive players will automatically lose when time's up. (requested by dogcat129)\n|inactive|pixel_dragon9 also wants the timer to be on.\n|\n|t:|1771129286\n|switch|p2a: Breloom|Breloom, L84, F|238/238\n|switch|p2b: Umbreon|Umbreon, L85, M|300/300\n|move|p1a: Spectrier|Nasty Plot|p1a: Spectrier\n|-boost|p1a: Spectrier|spa|2\n|move|p1b: Solgaleo|Psychic Fangs|p2a: Breloom\n|-supereffective|p2a: Breloom\n|-damage|p2a: Breloom|26/238\n|\n|upkeep\n|turn|2\n|\n|t:|1771129312\n|-terastallize|p1a: Spectrier|Fairy\n|move|p2a: Breloom|Protect|p2a: Breloom\n|-singleturn|p2a: Breloom|Protect\n|move|p1a: Spectrier|Tera Blast|p2b: Umbreon|[anim] Tera Blast Fairy\n|-supereffective|p2b: Umbreon\n|-damage|p2b: Umbreon|0 fnt\n|faint|p2b: Umbreon\n|-ability|p1a: Spectrier|Grim Neigh|boost\n|-boost|p1a: Spectrier|spa|1\n|-damage|p1a: Spectrier|253/281|[from] item: Life Orb\n|move|p1b: Solgaleo|Psychic Fangs|p2a: Breloom\n|-activate|p2a: Breloom|move: Protect\n|\n|upkeep\n|\n|t:|1771129331\n|switch|p2b: Sylveon|Sylveon, L79, F|280/280\n|turn|3\n|\n|t:|1771129343\n|switch|p2a: Iron Leaves|Iron Leaves, L81|278/278\n|-enditem|p2a: Iron Leaves|Booster Energy\n|-activate|p2a: Iron Leaves|ability: Quark Drive|[fromitem]\n|-start|p2a: Iron Leaves|quarkdriveatk\n|-terastallize|p2b: Sylveon|Ground\n|move|p1a: Spectrier|Protect|p1a: Spectrier\n|-singleturn|p1a: Spectrier|Protect\n|move|p1b: Solgaleo|Sunsteel Strike|p2b: Sylveon\n|-damage|p2b: Sylveon|136/280\n|move|p2b: Sylveon|Hyper Voice|p1b: Solgaleo|[spread] p1b\n|-activate|p1a: Spectrier|move: Protect\n|-resisted|p1b: Solgaleo\n|-damage|p1b: Solgaleo|291/325\n|\n|upkeep\n|turn|4\n|\n|t:|1771129369\n|move|p1a: Spectrier|Shadow Ball|p2a: Iron Leaves\n|-supereffective|p2a: Iron Leaves\n|-damage|p2a: Iron Leaves|0 fnt\n|faint|p2a: Iron Leaves\n|-end|p2a: Iron Leaves|Quark Drive|[silent]\n|-ability|p1a: Spectrier|Grim Neigh|boost\n|-boost|p1a: Spectrier|spa|1\n|-damage|p1a: Spectrier|225/281|[from] item: Life Orb\n|move|p1b: Solgaleo|Knock Off|p2b: Sylveon\n|-damage|p2b: Sylveon|44/280\n|-enditem|p2b: Sylveon|Pixie Plate|[from] move: Knock Off|[of] p1b: Solgaleo\n|move|p2b: Sylveon|Tera Blast|p1b: Solgaleo|[anim] Tera Blast Ground\n|-supereffective|p1b: Solgaleo\n|-damage|p1b: Solgaleo|169/325\n|\n|upkeep\n|inactive|dogcat129 has 120 seconds left.\n|-message|dogcat129 forfeited.\n|\n|win|pixel_dragon9\n|raw|pixel_dragon9's rating: 1711 &rarr; <strong>1725</strong><br />(+14 for winning)\n|raw|dogcat129's rating: 1597 &rarr; <strong>1583</strong><br />(-14 for losing)\n|l|☆dogcat129\n|player|p2|\n", "inputlog": ">version 686819e5e19f8a7fd2345cfc5a08a5085efa2cc3\n>start {\"formatid\":\"gen9randomdoublesbattle\",\"seed\":\"sodium,496ec211b8ff9fbe777630efe0f7060c\",\"rated\":\"Rated battle\"}\n>player p1 {\"name\":\"pixel_dragon9\",\"avatar\":\"102\",\"rating\":1711,\"seed\":\"sodium,e729a51903e4f8b94adcbeb2274f21ec\"}\n>player p2 {\"name\":\"dogcat129\",\"avatar\":\"pokemaniac\",\"rating\":1597,\"seed\":\"sodium,340c50e4bb4b99f57aa19a3e28ebac4b\"}\n>p1 move nastyplot, move psychicfangs +1\n>p2 switch 5, switch 3\n>p1 move terablast +2 terastallize, move psychicfangs +1\n>p2 move protect, move foulplay +1\n>p2 pass, switch 3\n>p1 move protect, move sunsteelstrike +2\n>p2 switch 6, move hypervoice terastallize\n>p1 move shadowball +1, move knockoff +2\n>p2 move leafblade +1, move terablast +2\n>forcelose p2", "uploadtime": 1771129398, "views": 65, "formatid": "gen9randomdoublesbattle", "rating": 1583, "private": 0, "password": null}