{"id": "gen9randomdoublesbattle-2534349571", "format": "[Gen 9] Random Doubles Battle", "players": ["Bish I just", "don coleone"], "log": "|j|☆Bish I just\n|j|☆don coleone\n|t:|1770411359\n|gametype|doubles\n|player|p1|Bish I just|2|1793\n|player|p2|don coleone|gentleman-gen4|1731\n|gen|9\n|tier|[Gen 9] Random Doubles Battle\n|rated|\n|rule|Species Clause: Limit one of each Pokémon\n|rule|HP Percentage Mod: HP is shown in percentages\n|rule|Illusion Level Mod: Illusion disguises the Pokémon's true level\n|rule|Sleep Clause Mod: Limit one foe put to sleep\n|\n|t:|1770411359\n|teamsize|p1|6\n|teamsize|p2|6\n|start\n|switch|p1a: Tropius|Tropius, L94, M|339/339\n|switch|p1b: Pyroar|Pyroar, L83, M|278/278\n|switch|p2a: Klefki|Klefki, L81, M|225/225\n|switch|p2b: Manaphy|Manaphy, L78|284/284\n|-ability|p1b: Pyroar|Unnerve\n|turn|1\n|l|☆Bish I just\n|player|p1|\n|j|☆Bish I just\n|player|p1|Bish I just|2|\n|inactive|Battle timer is ON: inactive players will automatically lose when time's up. (requested by Bish I just)\n|\n|t:|1770411412\n|move|p2a: Klefki|Light Screen|p2a: Klefki\n|-sidestart|p2: don coleone|move: Light Screen\n|move|p1b: Pyroar|Tera Blast|p2b: Manaphy\n|-damage|p2b: Manaphy|203/284\n|-damage|p1b: Pyroar|251/278|[from] item: Life Orb\n|move|p2b: Manaphy|Tail Glow|p2b: Manaphy\n|-boost|p2b: Manaphy|spa|3\n|move|p1a: Tropius|Tailwind|p1a: Tropius\n|-sidestart|p1: Bish I just|move: Tailwind\n|\n|-heal|p2b: Manaphy|220/284|[from] item: Leftovers\n|upkeep\n|turn|2\n|inactive|Bish I just has 120 seconds left.\n|\n|t:|1770411442\n|switch|p1b: Ting-Lu|Ting-Lu, L82|388/388\n|-ability|p1b: Ting-Lu|Vessel of Ruin\n|move|p2a: Klefki|Thunder Wave|p1a: Tropius\n|-status|p1a: Tropius|par\n|move|p2b: Manaphy|Ice Beam|p1a: Tropius\n|-supereffective|p1a: Tropius\n|-damage|p1a: Tropius|0 fnt\n|faint|p1a: Tropius\n|\n|-heal|p2b: Manaphy|237/284|[from] item: Leftovers\n|upkeep\n|inactive|Bish I just has 120 seconds left.\n|\n|t:|1770411461\n|switch|p1a: Copperajah|Copperajah, L86, F|350/350\n|turn|3\n|\n|t:|1770411469\n|move|p2a: Klefki|Reflect|p2a: Klefki\n|-sidestart|p2: don coleone|Reflect\n|move|p1b: Ting-Lu|Throat Chop|p2b: Manaphy\n|-damage|p2b: Manaphy|180/284\n|-start|p2b: Manaphy|Throat Chop|[silent]\n|move|p1a: Copperajah|High Horsepower|p2b: Manaphy\n|-damage|p2b: Manaphy|125/284\n|move|p2b: Manaphy|Scald|p1a: Copperajah\n|-damage|p1a: Copperajah|238/350\n|\n|-heal|p2b: Manaphy|142/284|[from] item: Leftovers\n|upkeep\n|turn|4\n|\n|t:|1770411486\n|move|p2b: Manaphy|Protect|p2b: Manaphy\n|-singleturn|p2b: Manaphy|Protect\n|move|p1b: Ting-Lu|Throat Chop|p2b: Manaphy\n|-activate|p2b: Manaphy|move: Protect\n|move|p1a: Copperajah|High Horsepower|p2b: Manaphy\n|-activate|p2b: Manaphy|move: Protect\n|move|p2a: Klefki|Dazzling Gleam|p1b: Ting-Lu|[spread] p1a,p1b\n|-resisted|p1a: Copperajah\n|-supereffective|p1b: Ting-Lu\n|-damage|p1a: Copperajah|224/350\n|-damage|p1b: Ting-Lu|298/388\n|\n|-heal|p2b: Manaphy|159/284|[from] item: Leftovers\n|-end|p2b: Manaphy|Throat Chop|[silent]\n|-sideend|p1: Bish I just|move: Tailwind\n|upkeep\n|turn|5\n|-message|Bish I just forfeited.\n|\n|win|don coleone\n|raw|Bish I just's rating: 1793 &rarr; <strong>1769</strong><br />(-24 for losing)\n|raw|don coleone's rating: 1731 &rarr; <strong>1755</strong><br />(+24 for winning)\n|l|☆Bish I just\n|player|p1|\n", "inputlog": ">version ccdc32dd7cde25fd9e4bed64820e885f66e78a4e\n>start {\"formatid\":\"gen9randomdoublesbattle\",\"seed\":\"sodium,164dc3d0fd2047b7006363d19be2d810\",\"rated\":\"Rated battle\"}\n>player p1 {\"name\":\"Bish I just\",\"avatar\":\"2\",\"rating\":1793,\"seed\":\"sodium,2fd92b879386729411fea4ba4275c7cc\"}\n>player p2 {\"name\":\"don coleone\",\"avatar\":\"gentleman-gen4\",\"rating\":1731,\"seed\":\"sodium,dbf7f0f87a9c6f7d727c77e393b9408e\"}\n>p1 move tailwind, move terablast +2\n>p2 move lightscreen, move tailglow\n>p1 move energyball +2, switch 6\n>p2 move thunderwave +1, move icebeam +1\n>p1 switch 4, pass\n>p1 move highhorsepower +2, move throatchop +2\n>p2 move reflect, move scald +1\n>p1 move highhorsepower +2, move throatchop +2\n>p2 move dazzlinggleam, move protect\n>forcelose p1", "uploadtime": 1770411491, "views": 90, "formatid": "gen9randomdoublesbattle", "rating": 1755, "private": 0, "password": null}