{"id": "gen9randomdoublesbattle-2538219112", "format": "[Gen 9] Random Doubles Battle", "players": ["Galladam", "crustytoejam"], "log": "|j|☆Galladam\n|j|☆crustytoejam\n|t:|1770907514\n|gametype|doubles\n|player|p1|Galladam|170|1744\n|player|p2|crustytoejam|clown|1730\n|gen|9\n|tier|[Gen 9] Random Doubles Battle\n|rated|\n|rule|Species Clause: Limit one of each Pokémon\n|rule|HP Percentage Mod: HP is shown in percentages\n|rule|Illusion Level Mod: Illusion disguises the Pokémon's true level\n|rule|Sleep Clause Mod: Limit one foe put to sleep\n|\n|t:|1770907514\n|teamsize|p1|6\n|teamsize|p2|6\n|start\n|switch|p1a: Garchomp|Garchomp, L77, M|293/293\n|switch|p1b: Bastiodon|Bastiodon, L89, M|252/252\n|switch|p2a: Mudsdale|Mudsdale, L84, F|305/305\n|switch|p2b: Muk|Muk-Alola, L82, F|306/306\n|turn|1\n|inactive|Battle timer is ON: inactive players will automatically lose when time's up. (requested by crustytoejam)\n|inactive|Galladam also wants the timer to be on.\n|inactive|Galladam has 120 seconds left.\n|\n|t:|1770907547\n|move|p1a: Garchomp|Swords Dance|p1a: Garchomp\n|-boost|p1a: Garchomp|atk|2\n|move|p2b: Muk|Knock Off|p1a: Garchomp\n|-damage|p1a: Garchomp|179/293\n|-damage|p2b: Muk|268/306|[from] ability: Rough Skin|[of] p1a: Garchomp\n|-status|p1a: Garchomp|psn|[from] ability: Poison Touch|[of] p2b: Muk\n|-enditem|p1a: Garchomp|Loaded Dice|[from] move: Knock Off|[of] p2b: Muk\n|move|p2a: Mudsdale|Body Press|p1b: Bastiodon\n|-supereffective|p1b: Bastiodon\n|-crit|p1b: Bastiodon\n|-damage|p1b: Bastiodon|72/252\n|move|p1b: Bastiodon|Iron Defense|p1b: Bastiodon\n|-boost|p1b: Bastiodon|def|2\n|\n|-damage|p1a: Garchomp|143/293 psn|[from] psn\n|upkeep\n|turn|2\n|\n|t:|1770907558\n|-terastallize|p2b: Muk|Flying\n|move|p1a: Garchomp|Earthquake|p2a: Mudsdale|[spread] p1b,p2a\n|-immune|p2b: Muk\n|-supereffective|p1b: Bastiodon\n|-damage|p1b: Bastiodon|0 fnt\n|-damage|p2a: Mudsdale|146/305\n|-ability|p2a: Mudsdale|Stamina|boost\n|-boost|p2a: Mudsdale|def|1\n|faint|p1b: Bastiodon\n|move|p2b: Muk|Drain Punch|p1a: Garchomp\n|-damage|p1a: Garchomp|85/293 psn\n|-heal|p2b: Muk|297/306|[from] drain|[of] p1a: Garchomp\n|-damage|p2b: Muk|259/306|[from] ability: Rough Skin|[of] p1a: Garchomp\n|move|p2a: Mudsdale|Body Press|p1a: Garchomp\n|-damage|p1a: Garchomp|2/293 psn\n|-damage|p2a: Mudsdale|108/305|[from] ability: Rough Skin|[of] p1a: Garchomp\n|\n|-damage|p1a: Garchomp|0 fnt|[from] psn\n|faint|p1a: Garchomp\n|upkeep\n|\n|t:|1770907567\n|switch|p1a: Hoopa|Hoopa-Unbound, L80|259/259\n|switch|p1b: Victreebel|Victreebel, L91, F|293/293\n|turn|3\n|\n|t:|1770907578\n|move|p1a: Hoopa|Zen Headbutt|p2b: Muk\n|-damage|p2b: Muk|120/306\n|-enditem|p2b: Muk|Sitrus Berry|[eat]\n|-heal|p2b: Muk|196/306|[from] item: Sitrus Berry\n|move|p1b: Victreebel|Power Whip|p2a: Mudsdale|[miss]\n|-miss|p1b: Victreebel|p2a: Mudsdale\n|move|p2b: Muk|Knock Off|p1a: Hoopa\n|-damage|p1a: Hoopa|105/259\n|-enditem|p1a: Hoopa|Choice Scarf|[from] move: Knock Off|[of] p2b: Muk\n|move|p2a: Mudsdale|Rest|p2a: Mudsdale\n|-status|p2a: Mudsdale|slp|[from] move: Rest\n|-heal|p2a: Mudsdale|305/305 slp|[silent]\n|-enditem|p2a: Mudsdale|Chesto Berry|[eat]\n|-curestatus|p2a: Mudsdale|slp|[msg]\n|\n|upkeep\n|turn|4\n|-message|Galladam forfeited.\n|\n|win|crustytoejam\n|raw|Galladam's rating: 1744 &rarr; <strong>1723</strong><br />(-21 for losing)\n|raw|crustytoejam's rating: 1730 &rarr; <strong>1751</strong><br />(+21 for winning)\n|l|☆Galladam\n|player|p1|\n", "inputlog": ">version ccdc32dd7cde25fd9e4bed64820e885f66e78a4e\n>start {\"formatid\":\"gen9randomdoublesbattle\",\"seed\":\"sodium,dd47b3015a221a055ebab46a40b6d821\",\"rated\":\"Rated battle\"}\n>player p1 {\"name\":\"Galladam\",\"avatar\":\"170\",\"rating\":1744,\"seed\":\"sodium,1c8c71c196098661dac37c510cbf59db\"}\n>player p2 {\"name\":\"crustytoejam\",\"avatar\":\"clown\",\"rating\":1730,\"seed\":\"sodium,1d167b0bfc067435aa2fbcb0477c31d0\"}\n>p1 move swordsdance, move irondefense\n>p2 move bodypress +2, move knockoff +1\n>p1 move earthquake, move rest\n>p2 move bodypress +2, move drainpunch +1 terastallize\n>p1 switch 4, switch 6\n>p1 move zenheadbutt +2, move powerwhip +1\n>p2 move rest, move knockoff +1\n>forcelose p1", "uploadtime": 1770907591, "views": 73, "formatid": "gen9randomdoublesbattle", "rating": 1723, "private": 0, "password": null}