{"id": "gen9randomdoublesbattle-2536567077", "format": "[Gen 9] Random Doubles Battle", "players": ["herodragunov", "eco_double"], "log": "|j|☆herodragunov\n|j|☆eco_double\n|t:|1770706861\n|gametype|doubles\n|player|p1|herodragunov|alec-anime|1583\n|player|p2|eco_double|norman|1613\n|gen|9\n|tier|[Gen 9] Random Doubles Battle\n|rated|\n|rule|Species Clause: Limit one of each Pokémon\n|rule|HP Percentage Mod: HP is shown in percentages\n|rule|Illusion Level Mod: Illusion disguises the Pokémon's true level\n|rule|Sleep Clause Mod: Limit one foe put to sleep\n|\n|t:|1770706861\n|teamsize|p1|6\n|teamsize|p2|6\n|start\n|switch|p1a: Necrozma|Necrozma, L80|286/286\n|switch|p1b: Komala|Komala, L92, F|269/269\n|switch|p2a: Rotom|Rotom-Frost, L84|221/221\n|switch|p2b: Bellibolt|Bellibolt, L81, F|309/309\n|-ability|p1b: Komala|Comatose\n|turn|1\n|inactive|Battle timer is ON: inactive players will automatically lose when time's up. (requested by eco_double)\n|inactive|herodragunov has 120 seconds left.\n|\n|t:|1770706898\n|move|p2a: Rotom|Will-O-Wisp|p1b: Komala\n|-immune|p1b: Komala|[from] ability: Comatose\n|move|p1a: Necrozma|Dragon Dance|p1a: Necrozma\n|-boost|p1a: Necrozma|atk|1\n|-boost|p1a: Necrozma|spe|1\n|move|p1b: Komala|Double-Edge|p2a: Rotom\n|-damage|p2a: Rotom|65/221\n|-damage|p1b: Komala|218/269|[from] Recoil\n|move|p2b: Bellibolt|Thunder Wave|p1a: Necrozma\n|-status|p1a: Necrozma|par\n|\n|upkeep\n|turn|2\n|inactive|herodragunov has 120 seconds left.\n|inactive|eco_double has 120 seconds left.\n|inactive|eco_double has 90 seconds left.\n|inactive|eco_double has 60 seconds left.\n|inactive|eco_double has 30 seconds left.\n|inactive|eco_double has 20 seconds left.\n|inactive|eco_double has 15 seconds left.\n|inactive|eco_double has 10 seconds left.\n|l|☆eco_double\n|inactive|eco_double disconnected and has a minute to reconnect!\n|player|p2|\n|inactive|eco_double has 5 seconds left.\n|-message|eco_double lost due to inactivity.\n|\n|win|herodragunov\n|raw|herodragunov's rating: 1583 &rarr; <strong>1605</strong><br />(+22 for winning)\n|raw|eco_double's rating: 1613 &rarr; <strong>1591</strong><br />(-22 for losing)\n|c|☆herodragunov|Gg fam\n", "inputlog": ">version ccdc32dd7cde25fd9e4bed64820e885f66e78a4e\n>start {\"formatid\":\"gen9randomdoublesbattle\",\"seed\":\"sodium,87911d628173dd981e505e0a76e058f1\",\"rated\":\"Rated battle\"}\n>player p1 {\"name\":\"herodragunov\",\"avatar\":\"alec-anime\",\"rating\":1583,\"seed\":\"sodium,628b787f245e0074a9efbbf52279e278\"}\n>player p2 {\"name\":\"eco_double\",\"avatar\":\"norman\",\"rating\":1613,\"seed\":\"sodium,704bb137b877ad123325945ca95994dd\"}\n>p1 move dragondance, move doubleedge +1\n>p2 move willowisp +2, move thunderwave +1\n>forcelose p2", "uploadtime": 1770707056, "views": 61, "formatid": "gen9randomdoublesbattle", "rating": 1591, "private": 0, "password": null}